{"amount": 0.00125708, "date": 1659534607, "price": 123229.76030458, "tid": 14051180, "type": "sell"}
{"amount": 0.0005892, "date": 1659534612, "price": 123300.87, "tid": 14051181, "type": "buy"}
{"amount": 0.00023034, "date": 1659534627, "price": 123259.91340554, "tid": 14051182, "type": "sell"}
{"amount": 0.00012193, "date": 1659534660, "price": 123299.83660719, "tid": 14051183, "type": "sell"}
{"amount": 0.00050199, "date": 1659534667, "price": 123314.03354271, "tid": 14051184, "type": "sell"}
{"amount": 0.0094, "date": 1659534674, "price": 123325.01449085, "tid": 14051185, "type": "sell"}
{"amount": 0.00081026, "date": 1659534693, "price": 123416.99246293, "tid": 14051186, "type": "buy"}
{"amount": 0.00012153, "date": 1659534721, "price": 123258.20658395, "tid": 14051187, "type": "buy"}
{"amount": 0.00091378, "date": 1659534794, "price": 123129.26649309, "tid": 14051188, "type": "sell"}
{"amount": 0.00811404, "date": 1659534801, "price": 123243.09358539, "tid": 14051189, "type": "buy"}
{"amount": 0.00405564, "date": 1659534860, "price": 123285.09040242, "tid": 14051190, "type": "buy"}
{"amount": 0.00082553, "date": 1659534871, "price": 123168.95, "tid": 14051191, "type": "buy"}
{"amount": 0.00081189, "date": 1659534891, "price": 123168.95, "tid": 14051192, "type": "buy"}
{"amount": 0.01674, "date": 1659534896, "price": 123172.55252567, "tid": 14051193, "type": "sell"}
{"amount": 0.01638, "date": 1659534896, "price": 123172.39264028, "tid": 14051194, "type": "sell"}
{"amount": 0.01621, "date": 1659534896, "price": 123171.83308637, "tid": 14051195, "type": "sell"}
{"amount": 0.049, "date": 1659534896, "price": 123168.95274084, "tid": 14051196, "type": "sell"}
{"amount": 0.01585, "date": 1659534896, "price": 123168.94999999, "tid": 14051197, "type": "sell"}
{"amount": 0.01165458, "date": 1659534896, "price": 123168.94999999, "tid": 14051198, "type": "sell"}
{"amount": 0.00409948, "date": 1659534908, "price": 123271.51, "tid": 14051199, "type": "buy"}
{"amount": 0.00567854, "date": 1659534909, "price": 123271.51, "tid": 14051200, "type": "buy"}
{"amount": 0.00039302, "date": 1659534980, "price": 123300, "tid": 14051201, "type": "buy"}
{"amount": 0.00420862, "date": 1659535025, "price": 123289.63614406, "tid": 14051202, "type": "buy"}
{"amount": 0.008111, "date": 1659535027, "price": 123289.2337698, "tid": 14051203, "type": "buy"}
{"amount": 8.768e-05, "date": 1659535032, "price": 123286.17790042, "tid": 14051204, "type": "buy"}
{"amount": 1.202e-05, "date": 1659535053, "price": 123153.63146, "tid": 14051205, "type": "sell"}
{"amount": 0.00160498, "date": 1659535074, "price": 123171.08625726, "tid": 14051206, "type": "sell"}
{"amount": 0.00276, "date": 1659535088, "price": 123142.45076876, "tid": 14051207, "type": "sell"}
{"amount": 0.00157662, "date": 1659535094, "price": 123146.54197, "tid": 14051208, "type": "sell"}
{"amount": 0.01708, "date": 1659535099, "price": 123294.04075684, "tid": 14051209, "type": "buy"}
{"amount": 0.00725185, "date": 1659535099, "price": 123297.76, "tid": 14051210, "type": "buy"}
{"amount": 0.00040551, "date": 1659535168, "price": 123300, "tid": 14051211, "type": "buy"}
{"amount": 0.00117673, "date": 1659535205, "price": 123222.37, "tid": 14051212, "type": "buy"}
{"amount": 0.00244088, "date": 1659535217, "price": 123195.2594, "tid": 14051213, "type": "sell"}
{"amount": 0.00040026, "date": 1659535223, "price": 123177.62753558, "tid": 14051214, "type": "sell"}
{"amount": 0.02097243, "date": 1659535228, "price": 123177.63028792, "tid": 14051215, "type": "sell"}
{"amount": 0.00040557, "date": 1659535237, "price": 123281.7844085, "tid": 14051216, "type": "buy"}
{"amount": 0.00150849, "date": 1659535285, "price": 123180.03441792, "tid": 14051217, "type": "sell"}
{"amount": 4.055e-05, "date": 1659535301, "price": 123296.80275588, "tid": 14051218, "type": "buy"}
{"amount": 0.01674, "date": 1659535333, "price": 123297.61294189, "tid": 14051219, "type": "buy"}
{"amount": 0.01289786, "date": 1659535333, "price": 123300, "tid": 14051220, "type": "buy"}
{"amount": 0.14149978, "date": 1659535338, "price": 123300, "tid": 14051221, "type": "buy"}
{"amount": 0.00848703, "date": 1659535344, "price": 123361.65, "tid": 14051222, "type": "sell"}
{"amount": 0.00017071, "date": 1659535344, "price": 123243.22031448, "tid": 14051223, "type": "sell"}
{"amount": 0.00824285, "date": 1659535374, "price": 123407.93259308, "tid": 14051224, "type": "sell"}
{"amount": 0.00072681, "date": 1659535398, "price": 123327.37830178, "tid": 14051225, "type": "sell"}
{"amount": 0.00020028, "date": 1659535431, "price": 123443.69377842, "tid": 14051226, "type": "sell"}
{"amount": 0.00497594, "date": 1659535436, "price": 123451.9859825, "tid": 14051227, "type": "sell"}
{"amount": 0.00565966, "date": 1659535447, "price": 123682.29047189, "tid": 14051228, "type": "buy"}
{"amount": 0.00058508, "date": 1659535454, "price": 123497.72349657, "tid": 14051229, "type": "sell"}
{"amount": 3.897e-05, "date": 1659535484, "price": 123883.31385367, "tid": 14051230, "type": "buy"}
{"amount": 0.00103225, "date": 1659535556, "price": 123895.98707238, "tid": 14051231, "type": "buy"}
{"amount": 0.00423843, "date": 1659535566, "price": 123729.08571642, "tid": 14051232, "type": "sell"}
{"amount": 0.0008855, "date": 1659535620, "price": 123791.2770042, "tid": 14051233, "type": "sell"}
{"amount": 0.00040356, "date": 1659535628, "price": 123895.98, "tid": 14051234, "type": "buy"}
{"amount": 0.00020178, "date": 1659535628, "price": 123895.98, "tid": 14051235, "type": "buy"}
{"amount": 0.00076885, "date": 1659535652, "price": 123860, "tid": 14051236, "type": "buy"}
{"amount": 0.00807371, "date": 1659535652, "price": 123860, "tid": 14051237, "type": "buy"}
{"amount": 0.0002422, "date": 1659535663, "price": 123860, "tid": 14051238, "type": "buy"}
{"amount": 3.229e-05, "date": 1659535672, "price": 123860, "tid": 14051239, "type": "buy"}
{"amount": 1.649e-05, "date": 1659535675, "price": 123859.99999999, "tid": 14051240, "type": "sell"}
{"amount": 0.00807927, "date": 1659535693, "price": 123860, "tid": 14051241, "type": "buy"}
{"amount": 0.00807927, "date": 1659535697, "price": 123860, "tid": 14051242, "type": "buy"}
{"amount": 0.00807927, "date": 1659535702, "price": 123860, "tid": 14051243, "type": "buy"}
{"amount": 0.00442479, "date": 1659535707, "price": 123859.99999999, "tid": 14051244, "type": "sell"}
{"amount": 0.0002, "date": 1659535732, "price": 123825.51116329, "tid": 14051245, "type": "sell"}
{"amount": 0.049, "date": 1659535765, "price": 123827.10357467, "tid": 14051246, "type": "sell"}
{"amount": 0.04188809, "date": 1659535765, "price": 123827.10143733, "tid": 14051247, "type": "sell"}
{"amount": 0.03022564, "date": 1659535799, "price": 123860, "tid": 14051248, "type": "buy"}
{"amount": 0.00043226, "date": 1659535799, "price": 123860, "tid": 14051249, "type": "buy"}
{"amount": 0.00438117, "date": 1659535852, "price": 123895.98, "tid": 14051250, "type": "buy"}
{"amount": 0.004651, "date": 1659535854, "price": 123899.99999999, "tid": 14051251, "type": "sell"}
{"amount": 0.00022, "date": 1659535860, "price": 123900, "tid": 14051252, "type": "buy"}
{"amount": 0.0001834, "date": 1659535860, "price": 123999.9, "tid": 14051253, "type": "buy"}
{"amount": 1.507e-05, "date": 1659535898, "price": 123945.16036103, "tid": 14051254, "type": "sell"}
{"amount": 0.0080172, "date": 1659535904, "price": 123927.0296369, "tid": 14051255, "type": "sell"}
{"amount": 0.00139273, "date": 1659535914, "price": 123999.9, "tid": 14051256, "type": "buy"}
{"amount": 0.12132166, "date": 1659535944, "price": 123934.35059, "tid": 14051257, "type": "sell"}
{"amount": 0.0159, "date": 1659535944, "price": 123934.3505471, "tid": 14051258, "type": "sell"}
{"amount": 0.00971965, "date": 1659535944, "price": 123931.11573996, "tid": 14051259, "type": "sell"}
{"amount": 0.00041217, "date": 1659535957, "price": 123952.87486406, "tid": 14051260, "type": "sell"}
{"amount": 5.435e-05, "date": 1659535960, "price": 123999.9, "tid": 14051261, "type": "buy"}
{"amount": 0.00383952, "date": 1659535971, "price": 123999.9, "tid": 14051262, "type": "buy"}
{"amount": 0.00411685, "date": 1659535971, "price": 123999.9, "tid": 14051263, "type": "buy"}
{"amount": 9.35e-06, "date": 1659535995, "price": 123999.9, "tid": 14051264, "type": "buy"}
{"amount": 0.00048387, "date": 1659535998, "price": 123999.9, "tid": 14051265, "type": "buy"}
{"amount": 8.064e-05, "date": 1659536003, "price": 123999.9, "tid": 14051266, "type": "buy"}
{"amount": 0.0005133, "date": 1659536023, "price": 123935.72672742, "tid": 14051267, "type": "sell"}
{"amount": 0.00081096, "date": 1659536040, "price": 123999.9, "tid": 14051268, "type": "buy"}
{"amount": 0.00277593, "date": 1659536042, "price": 123999.9, "tid": 14051269, "type": "buy"}
{"amount": 0.00016149, "date": 1659536042, "price": 124005, "tid": 14051270, "type": "buy"}
{"amount": 0.00111727, "date": 1659536042, "price": 124033.41510907, "tid": 14051271, "type": "buy"}
{"amount": 4.966e-05, "date": 1659536079, "price": 123929.65986138, "tid": 14051272, "type": "sell"}
{"amount": 0.00392556, "date": 1659536097, "price": 124035.54665662, "tid": 14051273, "type": "buy"}
{"amount": 0.00080614, "date": 1659536111, "price": 124047.51, "tid": 14051274, "type": "buy"}
{"amount": 0.00034217, "date": 1659536122, "price": 123955.46188384, "tid": 14051275, "type": "sell"}
{"amount": 0.00358267, "date": 1659536123, "price": 124047.51, "tid": 14051276, "type": "buy"}
{"amount": 0.00358267, "date": 1659536128, "price": 124047.51, "tid": 14051277, "type": "buy"}
{"amount": 0.00080614, "date": 1659536146, "price": 124047.51, "tid": 14051278, "type": "buy"}
{"amount": 0.14722358, "date": 1659536155, "price": 124047.51, "tid": 14051279, "type": "buy"}
{"amount": 0.00129853, "date": 1659536171, "price": 124105.01, "tid": 14051280, "type": "buy"}
{"amount": 8.06e-06, "date": 1659536220, "price": 124045.17, "tid": 14051281, "type": "buy"}
{"amount": 4.229e-05, "date": 1659536283, "price": 123879.58152515, "tid": 14051282, "type": "buy"}
{"amount": 0.0011931, "date": 1659536291, "price": 123886.46, "tid": 14051283, "type": "buy"}
{"amount": 0.00044395, "date": 1659536292, "price": 123886.46, "tid": 14051284, "type": "buy"}
{"amount": 0.00389809, "date": 1659536321, "price": 123835.15025, "tid": 14051285, "type": "sell"}
{"amount": 7.088e-05, "date": 1659536357, "price": 123747.83436892, "tid": 14051286, "type": "sell"}
{"amount": 0.00044785, "date": 1659536407, "price": 123806.6306736, "tid": 14051287, "type": "sell"}
{"amount": 0.00446631, "date": 1659536420, "price": 123831.91919263, "tid": 14051288, "type": "sell"}
{"amount": 0.0013, "date": 1659536492, "price": 124011.19448634, "tid": 14051289, "type": "buy"}
{"amount": 0.00768541, "date": 1659536515, "price": 123898.41637461, "tid": 14051290, "type": "sell"}
{"amount": 0.00040326, "date": 1659536533, "price": 123988.4375124, "tid": 14051291, "type": "buy"}
{"amount": 0.03988461, "date": 1659536536, "price": 123898.41637461, "tid": 14051292, "type": "sell"}
{"amount": 0.00048278, "date": 1659536539, "price": 123898.41637461, "tid": 14051293, "type": "sell"}
{"amount": 0.00030376, "date": 1659536581, "price": 123804.91760398, "tid": 14051294, "type": "sell"}
{"amount": 0.0001211, "date": 1659536640, "price": 123858.13780999, "tid": 14051295, "type": "buy"}
{"amount": 0.01478, "date": 1659536653, "price": 123733.4605506, "tid": 14051296, "type": "sell"}
{"amount": 0.00331059, "date": 1659536653, "price": 123730.460852, "tid": 14051297, "type": "sell"}
{"amount": 0.00367621, "date": 1659536686, "price": 123785.04033601, "tid": 14051298, "type": "buy"}
{"amount": 0.00121166, "date": 1659536708, "price": 123796.46999999, "tid": 14051299, "type": "buy"}
{"amount": 0.0001, "date": 1659536718, "price": 123730.46, "tid": 14051300, "type": "sell"}
{"amount": 0.00048278, "date": 1659536720, "price": 123730.46, "tid": 14051301, "type": "sell"}
{"amount": 0.00132894, "date": 1659536721, "price": 123730.46, "tid": 14051302, "type": "sell"}
{"amount": 0.0014286, "date": 1659536721, "price": 123679.12044, "tid": 14051303, "type": "sell"}
{"amount": 4.281e-05, "date": 1659536745, "price": 123732.94, "tid": 14051304, "type": "buy"}
{"amount": 0.00598567, "date": 1659536873, "price": 123652.20526332, "tid": 14051305, "type": "sell"}
{"amount": 0.00475933, "date": 1659536888, "price": 123673.47939312, "tid": 14051306, "type": "sell"}
{"amount": 0.00292767, "date": 1659536892, "price": 123853.33682983, "tid": 14051307, "type": "buy"}
{"amount": 0.00292767, "date": 1659536897, "price": 123847.23052856, "tid": 14051308, "type": "buy"}
{"amount": 0.01832, "date": 1659536903, "price": 123849.09015014, "tid": 14051309, "type": "buy"}
{"amount": 0.01762, "date": 1659536903, "price": 123850.8518969, "tid": 14051310, "type": "buy"}
{"amount": 0.01781, "date": 1659536903, "price": 123852.06989466, "tid": 14051311, "type": "buy"}
{"amount": 0.01858, "date": 1659536903, "price": 123852.45051896, "tid": 14051312, "type": "buy"}
{"amount": 0.01755, "date": 1659536903, "price": 123856.1806371, "tid": 14051313, "type": "buy"}
{"amount": 0.01713, "date": 1659536903, "price": 123856.36551176, "tid": 14051314, "type": "buy"}
{"amount": 0.01813, "date": 1659536903, "price": 123856.6156363, "tid": 14051315, "type": "buy"}
{"amount": 0.01858, "date": 1659536903, "price": 123859.72588058, "tid": 14051316, "type": "buy"}
{"amount": 0.00706981, "date": 1659536903, "price": 123860.28594205, "tid": 14051317, "type": "buy"}
{"amount": 0.01851, "date": 1659536907, "price": 123847.29577844, "tid": 14051318, "type": "buy"}
{"amount": 0.01736, "date": 1659536907, "price": 123859.29088138, "tid": 14051319, "type": "buy"}
{"amount": 0.1119936, "date": 1659536907, "price": 123862.76, "tid": 14051320, "type": "buy"}
{"amount": 4.1e-05, "date": 1659536918, "price": 123711.45403, "tid": 14051321, "type": "sell"}
{"amount": 0.00017946, "date": 1659536948, "price": 123975.82, "tid": 14051322, "type": "buy"}
{"amount": 0.01867, "date": 1659536992, "price": 123887.90447064, "tid": 14051323, "type": "sell"}
{"amount": 0.01867, "date": 1659536992, "price": 123887.32355002, "tid": 14051324, "type": "sell"}
{"amount": 0.00846, "date": 1659536992, "price": 123884.81355, "tid": 14051325, "type": "sell"}
{"amount": 0.00268741, "date": 1659536995, "price": 123910.78, "tid": 14051326, "type": "buy"}
{"amount": 0.00096774, "date": 1659537033, "price": 123968.36, "tid": 14051327, "type": "buy"}
{"amount": 2.419e-05, "date": 1659537039, "price": 123968.35994, "tid": 14051328, "type": "buy"}
{"amount": 1.889e-05, "date": 1659537072, "price": 123801.322, "tid": 14051329, "type": "sell"}
{"amount": 0.00403808, "date": 1659537096, "price": 123821.22, "tid": 14051330, "type": "buy"}
{"amount": 0.04014593, "date": 1659537231, "price": 123769.12, "tid": 14051331, "type": "buy"}
{"amount": 0.00015457, "date": 1659537238, "price": 123764.23612, "tid": 14051332, "type": "sell"}
{"amount": 8.723e-05, "date": 1659537246, "price": 123770.48191896, "tid": 14051333, "type": "sell"}
{"amount": 0.05398945, "date": 1659537252, "price": 123799.22, "tid": 14051334, "type": "buy"}
{"amount": 0.01759, "date": 1659537308, "price": 123799.99999999, "tid": 14051335, "type": "sell"}
{"amount": 0.01778, "date": 1659537308, "price": 123799.99999999, "tid": 14051336, "type": "sell"}
{"amount": 0.01815, "date": 1659537308, "price": 123799.99999999, "tid": 14051337, "type": "sell"}
{"amount": 0.01703, "date": 1659537308, "price": 123799.99999999, "tid": 14051338, "type": "sell"}
{"amount": 0.01078601, "date": 1659537308, "price": 123799.99999999, "tid": 14051339, "type": "sell"}
{"amount": 0.00781628, "date": 1659537311, "price": 123799.99999999, "tid": 14051340, "type": "sell"}
{"amount": 1e-05, "date": 1659537322, "price": 123800, "tid": 14051341, "type": "buy"}
{"amount": 1e-05, "date": 1659537322, "price": 123900, "tid": 14051342, "type": "buy"}
{"amount": 0.0004591, "date": 1659537322, "price": 123965.26514975, "tid": 14051343, "type": "buy"}
{"amount": 0.00246745, "date": 1659537336, "price": 123800.00004, "tid": 14051344, "type": "sell"}
{"amount": 0.05, "date": 1659537337, "price": 123800.01, "tid": 14051345, "type": "sell"}
{"amount": 0.11703131, "date": 1659537337, "price": 123800.00009, "tid": 14051346, "type": "sell"}
{"amount": 0.01796, "date": 1659537337, "price": 123799.99999999, "tid": 14051347, "type": "sell"}
{"amount": 0.01617, "date": 1659537337, "price": 123770.41283228, "tid": 14051348, "type": "sell"}
{"amount": 0.01549, "date": 1659537337, "price": 123688.90263122, "tid": 14051349, "type": "sell"}
{"amount": 0.01582, "date": 1659537337, "price": 123687.34118148, "tid": 14051350, "type": "sell"}
{"amount": 0.01778, "date": 1659537337, "price": 123684.75115124, "tid": 14051351, "type": "sell"}
{"amount": 0.00613224, "date": 1659537337, "price": 123678.0157434, "tid": 14051352, "type": "sell"}
{"amount": 2.014e-05, "date": 1659537411, "price": 123589.24, "tid": 14051353, "type": "buy"}
{"amount": 0.002, "date": 1659537439, "price": 123604.16999, "tid": 14051354, "type": "sell"}
{"amount": 0.15, "date": 1659537441, "price": 123604.17, "tid": 14051355, "type": "buy"}
{"amount": 0.001, "date": 1659537457, "price": 123617.92, "tid": 14051356, "type": "buy"}
{"amount": 8.096e-05, "date": 1659537463, "price": 123617.92, "tid": 14051357, "type": "buy"}
{"amount": 0.01616691, "date": 1659537475, "price": 123709.47, "tid": 14051358, "type": "buy"}
{"amount": 0.00148737, "date": 1659537521, "price": 123710.05, "tid": 14051359, "type": "buy"}
{"amount": 0.00142114, "date": 1659537521, "price": 123842.1262718, "tid": 14051360, "type": "buy"}
{"amount": 8.07e-06, "date": 1659537577, "price": 123886.53296429, "tid": 14051361, "type": "buy"}
{"amount": 0.0001005, "date": 1659537585, "price": 123702.68440252, "tid": 14051362, "type": "sell"}
{"amount": 0.00045027, "date": 1659537610, "price": 123878.61043, "tid": 14051363, "type": "buy"}
{"amount": 0.00154626, "date": 1659537614, "price": 123708.1403, "tid": 14051364, "type": "sell"}
{"amount": 7.178e-05, "date": 1659537623, "price": 123840.31, "tid": 14051365, "type": "buy"}
{"amount": 0.0020189, "date": 1659537635, "price": 123829.39152008, "tid": 14051366, "type": "buy"}
{"amount": 1.942e-05, "date": 1659537665, "price": 123630.0022, "tid": 14051367, "type": "sell"}
{"amount": 0.00305921, "date": 1659537667, "price": 123630.0022, "tid": 14051368, "type": "sell"}
{"amount": 0.00014081, "date": 1659537691, "price": 123565.69730001, "tid": 14051369, "type": "buy"}
{"amount": 0.00080928, "date": 1659537700, "price": 123565.71, "tid": 14051370, "type": "buy"}
{"amount": 0.00809286, "date": 1659537713, "price": 123565.71, "tid": 14051371, "type": "buy"}
{"amount": 0.00250936, "date": 1659537737, "price": 123537.43, "tid": 14051372, "type": "buy"}
{"amount": 0.00992858, "date": 1659537776, "price": 123438.70440414, "tid": 14051373, "type": "sell"}
{"amount": 0.00097645, "date": 1659537783, "price": 123435.97586398, "tid": 14051374, "type": "sell"}
{"amount": 8.314e-05, "date": 1659537792, "price": 123433.60970806, "tid": 14051375, "type": "sell"}
{"amount": 0.00058379, "date": 1659537793, "price": 123433.60970806, "tid": 14051376, "type": "sell"}
{"amount": 0.00172409, "date": 1659537814, "price": 123537.43, "tid": 14051377, "type": "buy"}
{"amount": 0.00364262, "date": 1659537843, "price": 123537.43, "tid": 14051378, "type": "buy"}
{"amount": 0.00080908, "date": 1659537870, "price": 123596.54756747, "tid": 14051379, "type": "buy"}
{"amount": 0.00040457, "date": 1659537896, "price": 123586.71658555, "tid": 14051380, "type": "buy"}
{"amount": 0.00016176, "date": 1659537904, "price": 123633.18, "tid": 14051381, "type": "buy"}
{"amount": 0.01029, "date": 1659537914, "price": 123628.12857179, "tid": 14051382, "type": "buy"}
{"amount": 0.00017216, "date": 1659537932, "price": 123599.19663582, "tid": 14051383, "type": "buy"}
{"amount": 0.01905, "date": 1659537995, "price": 123602.01869313, "tid": 14051384, "type": "buy"}
{"amount": 0.02140188, "date": 1659537995, "price": 123605.08, "tid": 14051385, "type": "buy"}
{"amount": 0.00048278, "date": 1659538002, "price": 123492.8815, "tid": 14051386, "type": "sell"}
{"amount": 0.00080953, "date": 1659538044, "price": 123527.01, "tid": 14051387, "type": "buy"}
{"amount": 0.00040476, "date": 1659538058, "price": 123527.01, "tid": 14051388, "type": "buy"}
{"amount": 0.18476721, "date": 1659538060, "price": 123527.01, "tid": 14051389, "type": "buy"}
{"amount": 0.01878, "date": 1659538066, "price": 123564.14650488, "tid": 14051390, "type": "buy"}
{"amount": 0.01782, "date": 1659538066, "price": 123564.42381687, "tid": 14051391, "type": "buy"}
{"amount": 0.14816721, "date": 1659538066, "price": 123566.8, "tid": 14051392, "type": "buy"}
{"amount": 0.00039249, "date": 1659538087, "price": 123492.8915, "tid": 14051393, "type": "sell"}
{"amount": 0.0006, "date": 1659538088, "price": 123492.8915, "tid": 14051394, "type": "sell"}
{"amount": 0.00011396, "date": 1659538140, "price": 123633.18, "tid": 14051395, "type": "buy"}
{"amount": 0.00028615, "date": 1659538158, "price": 123602.5093, "tid": 14051396, "type": "sell"}
{"amount": 0.0005202, "date": 1659538178, "price": 123577.36261772, "tid": 14051397, "type": "sell"}
{"amount": 0.00047721, "date": 1659538190, "price": 123633.18, "tid": 14051398, "type": "buy"}
{"amount": 0.00018111, "date": 1659538226, "price": 123625.10936786, "tid": 14051399, "type": "sell"}
{"amount": 6.835e-05, "date": 1659538232, "price": 123626.0786, "tid": 14051400, "type": "sell"}
{"amount": 0.00061725, "date": 1659538257, "price": 123633.17999999, "tid": 14051401, "type": "sell"}
{"amount": 0.01448275, "date": 1659538259, "price": 123633.17999999, "tid": 14051402, "type": "sell"}
{"amount": 0.01, "date": 1659538259, "price": 123633.17, "tid": 14051403, "type": "sell"}
{"amount": 0.01494, "date": 1659538259, "price": 123529.2178063, "tid": 14051404, "type": "sell"}
{"amount": 0.0151, "date": 1659538259, "price": 123526.88362546, "tid": 14051405, "type": "sell"}
{"amount": 0.01415, "date": 1659538259, "price": 123511.3778093, "tid": 14051406, "type": "sell"}
{"amount": 0.0151, "date": 1659538259, "price": 123509.22482058, "tid": 14051407, "type": "sell"}
{"amount": 0.0151, "date": 1659538259, "price": 123506.44298862, "tid": 14051408, "type": "sell"}
{"amount": 0.01431, "date": 1659538259, "price": 123505.17465378, "tid": 14051409, "type": "sell"}
{"amount": 0.01224725, "date": 1659538259, "price": 123504.93482068, "tid": 14051410, "type": "sell"}
{"amount": 2.486e-05, "date": 1659538275, "price": 123513.78214289, "tid": 14051411, "type": "sell"}
{"amount": 8.088e-05, "date": 1659538312, "price": 123633.18, "tid": 14051412, "type": "buy"}
{"amount": 0.01193, "date": 1659538345, "price": 123581.3049179, "tid": 14051413, "type": "sell"}
{"amount": 0.01780192, "date": 1659538345, "price": 123579.1466, "tid": 14051414, "type": "sell"}
{"amount": 0.00234338, "date": 1659538356, "price": 123582.58925028, "tid": 14051415, "type": "sell"}
{"amount": 0.00099221, "date": 1659538379, "price": 123549.55364494, "tid": 14051416, "type": "sell"}
{"amount": 0.00286125, "date": 1659538384, "price": 123550.48144312, "tid": 14051417, "type": "sell"}
{"amount": 0.01135, "date": 1659538384, "price": 123538.50878572, "tid": 14051418, "type": "sell"}
{"amount": 0.00578875, "date": 1659538384, "price": 123535.97407991, "tid": 14051419, "type": "sell"}
{"amount": 0.00048278, "date": 1659538390, "price": 123535.97407992, "tid": 14051420, "type": "sell"}
{"amount": 0.00201744, "date": 1659538392, "price": 123535.97407992, "tid": 14051421, "type": "sell"}
{"amount": 0.00524842, "date": 1659538392, "price": 123523.01943654, "tid": 14051422, "type": "sell"}
{"amount": 0.00155849, "date": 1659538399, "price": 123633.18, "tid": 14051423, "type": "buy"}
{"amount": 0.00651999, "date": 1659538399, "price": 123821.96749226, "tid": 14051424, "type": "buy"}
{"amount": 0.00254216, "date": 1659538414, "price": 123615.03385924, "tid": 14051425, "type": "sell"}
{"amount": 0.00080725, "date": 1659538422, "price": 123877.09354131, "tid": 14051426, "type": "buy"}
{"amount": 0.00746, "date": 1659538439, "price": 123639.39288428, "tid": 14051427, "type": "sell"}
{"amount": 0.00242193, "date": 1659538485, "price": 123867.97607442, "tid": 14051428, "type": "buy"}
{"amount": 0.00060548, "date": 1659538485, "price": 123867.97607442, "tid": 14051429, "type": "buy"}
{"amount": 0.01142, "date": 1659538510, "price": 123618.74895606, "tid": 14051430, "type": "sell"}
{"amount": 0.05, "date": 1659538510, "price": 123616.2169, "tid": 14051431, "type": "sell"}
{"amount": 0.01094, "date": 1659538510, "price": 123616.2069372, "tid": 14051432, "type": "sell"}
{"amount": 0.01082, "date": 1659538510, "price": 123615.58875232, "tid": 14051433, "type": "sell"}
{"amount": 0.0107, "date": 1659538510, "price": 123615.2476848, "tid": 14051434, "type": "sell"}
{"amount": 0.01094, "date": 1659538510, "price": 123611.66114666, "tid": 14051435, "type": "sell"}
{"amount": 0.1719, "date": 1659538510, "price": 123608, "tid": 14051436, "type": "sell"}
{"amount": 0.01106, "date": 1659538510, "price": 123564.12217041, "tid": 14051437, "type": "sell"}
{"amount": 0.01094, "date": 1659538510, "price": 123561.05789191, "tid": 14051438, "type": "sell"}
{"amount": 0.0107, "date": 1659538510, "price": 123560.65287423, "tid": 14051439, "type": "sell"}
{"amount": 0.01075, "date": 1659538510, "price": 123555.09453949, "tid": 14051440, "type": "sell"}
{"amount": 0.01106, "date": 1659538510, "price": 123554.59892575, "tid": 14051441, "type": "sell"}
{"amount": 0.01166, "date": 1659538510, "price": 123554.30582085, "tid": 14051442, "type": "sell"}
{"amount": 0.0107, "date": 1659538510, "price": 123554.23121233, "tid": 14051443, "type": "sell"}
{"amount": 0.01094, "date": 1659538510, "price": 123552.33402425, "tid": 14051444, "type": "sell"}
{"amount": 0.0107, "date": 1659538510, "price": 123551.95032329, "tid": 14051445, "type": "sell"}
{"amount": 0.01154, "date": 1659538510, "price": 123551.81709379, "tid": 14051446, "type": "sell"}
{"amount": 0.0107, "date": 1659538510, "price": 123551.33746759, "tid": 14051447, "type": "sell"}
{"amount": 0.01094, "date": 1659538510, "price": 123550.76724533, "tid": 14051448, "type": "sell"}
{"amount": 0.01099, "date": 1659538510, "price": 123550.74059943, "tid": 14051449, "type": "sell"}
{"amount": 0.01075, "date": 1659538510, "price": 123550.33558175, "tid": 14051450, "type": "sell"}
{"amount": 0.01118, "date": 1659538510, "price": 123550.26097323, "tid": 14051451, "type": "sell"}
{"amount": 0.0040704, "date": 1659538510, "price": 123548.11864287, "tid": 14051452, "type": "sell"}
{"amount": 0.09793017, "date": 1659538510, "price": 123481, "tid": 14051453, "type": "sell"}
{"amount": 1.803e-05, "date": 1659538529, "price": 123590, "tid": 14051454, "type": "sell"}
{"amount": 0.00211262, "date": 1659538536, "price": 123590, "tid": 14051455, "type": "sell"}
{"amount": 0.00557313, "date": 1659538536, "price": 123564, "tid": 14051456, "type": "sell"}
{"amount": 0.0008, "date": 1659538558, "price": 123691.82602914, "tid": 14051457, "type": "buy"}
{"amount": 4.786e-05, "date": 1659538576, "price": 123689.7785201, "tid": 14051458, "type": "buy"}
{"amount": 0.00808474, "date": 1659538577, "price": 123689.7785201, "tid": 14051459, "type": "buy"}
{"amount": 5.205e-05, "date": 1659538593, "price": 123564.04000001, "tid": 14051460, "type": "sell"}
{"amount": 0.00071543, "date": 1659538622, "price": 123564.06, "tid": 14051461, "type": "sell"}
{"amount": 0.00266152, "date": 1659538634, "price": 123718.62113304, "tid": 14051462, "type": "buy"}
{"amount": 0.00020196, "date": 1659538689, "price": 123782.41737007, "tid": 14051463, "type": "buy"}
{"amount": 0.02511, "date": 1659538690, "price": 123776.84482041, "tid": 14051464, "type": "buy"}
{"amount": 0.00484999, "date": 1659538690, "price": 123782.41737007, "tid": 14051465, "type": "buy"}
{"amount": 0.01392429, "date": 1659538715, "price": 123783.59626685, "tid": 14051466, "type": "buy"}
{"amount": 0.02397429, "date": 1659538720, "price": 123769.18144092, "tid": 14051467, "type": "buy"}
{"amount": 0.00201993, "date": 1659538721, "price": 123766.46813341, "tid": 14051468, "type": "buy"}
{"amount": 0.00048278, "date": 1659538722, "price": 123573.63305001, "tid": 14051469, "type": "sell"}
{"amount": 1.21e-05, "date": 1659538741, "price": 123576.87857001, "tid": 14051470, "type": "sell"}
{"amount": 0.00011136, "date": 1659538763, "price": 123739.11426723, "tid": 14051471, "type": "buy"}
{"amount": 0.00048278, "date": 1659538775, "price": 123576.90885, "tid": 14051472, "type": "sell"}
{"amount": 8.362e-05, "date": 1659538801, "price": 123576.9391, "tid": 14051473, "type": "sell"}
{"amount": 0.00125227, "date": 1659538819, "price": 123576.93915, "tid": 14051474, "type": "sell"}
{"amount": 1.616e-05, "date": 1659538873, "price": 123747.71207109, "tid": 14051475, "type": "buy"}
{"amount": 0.00463479, "date": 1659538876, "price": 123576.95930001, "tid": 14051476, "type": "sell"}
{"amount": 0.00244724, "date": 1659538876, "price": 123576.9593, "tid": 14051477, "type": "sell"}
{"amount": 0.00171105, "date": 1659538921, "price": 123576.96945001, "tid": 14051478, "type": "sell"}
{"amount": 0.02298, "date": 1659538961, "price": 123624.79215626, "tid": 14051479, "type": "buy"}
{"amount": 0.02349, "date": 1659538961, "price": 123625.65671717, "tid": 14051480, "type": "buy"}
{"amount": 0.00255999, "date": 1659538965, "price": 123754.81, "tid": 14051481, "type": "sell"}
{"amount": 0.00279906, "date": 1659538965, "price": 123576.97955001, "tid": 14051482, "type": "sell"}
{"amount": 0.00064095, "date": 1659538965, "price": 123576.97955, "tid": 14051483, "type": "sell"}
{"amount": 0.00258322, "date": 1659538972, "price": 123681.74316019, "tid": 14051484, "type": "buy"}
{"amount": 0.00439844, "date": 1659538997, "price": 123497.53355, "tid": 14051485, "type": "sell"}
{"amount": 8.335e-05, "date": 1659539008, "price": 123412.48201, "tid": 14051486, "type": "sell"}
{"amount": 0.00055406, "date": 1659539038, "price": 123326.72201, "tid": 14051487, "type": "sell"}
{"amount": 0.02212, "date": 1659539054, "price": 123540.0489012, "tid": 14051488, "type": "buy"}
{"amount": 0.02334, "date": 1659539054, "price": 123563.70995764, "tid": 14051489, "type": "buy"}
{"amount": 0.02212, "date": 1659539059, "price": 123559.39259058, "tid": 14051490, "type": "buy"}
{"amount": 0.02212, "date": 1659539059, "price": 123564.04184469, "tid": 14051491, "type": "buy"}
{"amount": 0.00122, "date": 1659539059, "price": 123609.04155278, "tid": 14051492, "type": "buy"}
{"amount": 0.00029543, "date": 1659539067, "price": 123350.72957, "tid": 14051493, "type": "sell"}
{"amount": 0.00323566, "date": 1659539106, "price": 123622.04511202, "tid": 14051494, "type": "buy"}
{"amount": 6.3e-05, "date": 1659539177, "price": 123650.86, "tid": 14051495, "type": "buy"}
{"amount": 0.00201518, "date": 1659539187, "price": 123805.63043343, "tid": 14051496, "type": "buy"}
{"amount": 0.00195221, "date": 1659539192, "price": 123802.78662616, "tid": 14051497, "type": "buy"}
{"amount": 0.00195221, "date": 1659539197, "price": 123833.73222556, "tid": 14051498, "type": "buy"}
{"amount": 0.00807493, "date": 1659539208, "price": 123839.96441323, "tid": 14051499, "type": "buy"}
{"amount": 1.614e-05, "date": 1659539224, "price": 123842.36473583, "tid": 14051500, "type": "buy"}
{"amount": 0.00076972, "date": 1659539229, "price": 123632.68969602, "tid": 14051501, "type": "sell"}
{"amount": 0.01639719, "date": 1659539246, "price": 123647.12654, "tid": 14051502, "type": "sell"}
{"amount": 0.00083781, "date": 1659539291, "price": 123687.1042, "tid": 14051503, "type": "sell"}
{"amount": 8.324e-05, "date": 1659539308, "price": 123851.62, "tid": 14051504, "type": "buy"}
{"amount": 0.01162, "date": 1659539319, "price": 123716.25504368, "tid": 14051505, "type": "sell"}
{"amount": 0.00468, "date": 1659539319, "price": 123714.39516, "tid": 14051506, "type": "sell"}
{"amount": 0.0002237, "date": 1659539349, "price": 123749.15766, "tid": 14051507, "type": "sell"}
{"amount": 0.00368179, "date": 1659539355, "price": 123851.62, "tid": 14051508, "type": "buy"}
{"amount": 0.05998598, "date": 1659539355, "price": 123877.08994, "tid": 14051509, "type": "buy"}
{"amount": 0.01972, "date": 1659539360, "price": 123874.20263281, "tid": 14051510, "type": "buy"}
{"amount": 0.0206, "date": 1659539360, "price": 123874.6974444, "tid": 14051511, "type": "buy"}
{"amount": 0.01147176, "date": 1659539360, "price": 123877.09, "tid": 14051512, "type": "buy"}
{"amount": 0.00078296, "date": 1659539361, "price": 123936.06, "tid": 14051513, "type": "sell"}
{"amount": 9.403e-05, "date": 1659539398, "price": 123702.5165654, "tid": 14051514, "type": "sell"}
{"amount": 0.00029647, "date": 1659539402, "price": 123889.79130576, "tid": 14051515, "type": "buy"}
{"amount": 0.00081922, "date": 1659539410, "price": 123709.96078468, "tid": 14051516, "type": "sell"}
{"amount": 0.0001118, "date": 1659539416, "price": 123708.9369, "tid": 14051517, "type": "sell"}
{"amount": 0.00080439, "date": 1659539429, "price": 123693.6541, "tid": 14051518, "type": "sell"}
{"amount": 0.00038108, "date": 1659539446, "price": 123713.35682794, "tid": 14051519, "type": "sell"}
{"amount": 0.01884, "date": 1659539472, "price": 123955.80113612, "tid": 14051520, "type": "buy"}
{"amount": 0.02050999, "date": 1659539472, "price": 123980.77292, "tid": 14051521, "type": "buy"}
{"amount": 0.00251295, "date": 1659539491, "price": 123933.95310063, "tid": 14051522, "type": "buy"}
{"amount": 0.00038108, "date": 1659539497, "price": 123746.7696918, "tid": 14051523, "type": "sell"}
{"amount": 0.01882, "date": 1659539498, "price": 123946.84707401, "tid": 14051524, "type": "buy"}
{"amount": 0.00041, "date": 1659539498, "price": 123967.42340395, "tid": 14051525, "type": "buy"}
{"amount": 0.01877, "date": 1659539503, "price": 123956.49193517, "tid": 14051526, "type": "buy"}
{"amount": 0.00046, "date": 1659539503, "price": 123968.40290965, "tid": 14051527, "type": "buy"}
{"amount": 0.00048278, "date": 1659539511, "price": 123702.96029814, "tid": 14051528, "type": "sell"}
{"amount": 0.0040329, "date": 1659539519, "price": 123980.11786455, "tid": 14051529, "type": "buy"}
{"amount": 0.0009277, "date": 1659539612, "price": 123962.01896499, "tid": 14051530, "type": "buy"}
{"amount": 0.00016018, "date": 1659539645, "price": 123776.26233734, "tid": 14051531, "type": "sell"}
{"amount": 0.00013239, "date": 1659539660, "price": 123786.76086598, "tid": 14051532, "type": "sell"}
{"amount": 0.00867, "date": 1659539671, "price": 123706.41658402, "tid": 14051533, "type": "sell"}
{"amount": 0.00109085, "date": 1659539710, "price": 123687.52157642, "tid": 14051534, "type": "sell"}
{"amount": 0.00542762, "date": 1659539720, "price": 123699.42105, "tid": 14051535, "type": "sell"}
{"amount": 0.00080735, "date": 1659539820, "price": 123861.08364046, "tid": 14051536, "type": "buy"}
{"amount": 0.00020183, "date": 1659539820, "price": 123861.08364046, "tid": 14051537, "type": "buy"}
{"amount": 0.00565149, "date": 1659539832, "price": 123861.08364046, "tid": 14051538, "type": "buy"}
{"amount": 0.00020182, "date": 1659539841, "price": 123869.49, "tid": 14051539, "type": "buy"}
{"amount": 0.00040365, "date": 1659539846, "price": 123869.49, "tid": 14051540, "type": "buy"}
{"amount": 9.38e-06, "date": 1659539853, "price": 123674.25209, "tid": 14051541, "type": "sell"}
{"amount": 0.00012706, "date": 1659539861, "price": 123793.44, "tid": 14051542, "type": "buy"}
{"amount": 1.058e-05, "date": 1659539880, "price": 123793.44, "tid": 14051543, "type": "buy"}
{"amount": 0.00040381, "date": 1659539947, "price": 123819.10770961, "tid": 14051544, "type": "buy"}
{"amount": 0.00242283, "date": 1659539968, "price": 123821.92976692, "tid": 14051545, "type": "buy"}
{"amount": 0.00303339, "date": 1659539979, "price": 123631.37678505, "tid": 14051546, "type": "sell"}
{"amount": 0.00426879, "date": 1659539990, "price": 123644.7524, "tid": 14051547, "type": "sell"}
{"amount": 0.00523304, "date": 1659539992, "price": 123644.7524, "tid": 14051548, "type": "sell"}
{"amount": 0.0004041, "date": 1659540017, "price": 123730.18457939, "tid": 14051549, "type": "buy"}
{"amount": 0.00172158, "date": 1659540060, "price": 123718.42850432, "tid": 14051550, "type": "buy"}
{"amount": 7.44e-05, "date": 1659540070, "price": 123571.26194, "tid": 14051551, "type": "sell"}
{"amount": 8.081e-05, "date": 1659540077, "price": 123735.67265681, "tid": 14051552, "type": "buy"}
{"amount": 0.01821, "date": 1659540099, "price": 123736.20559083, "tid": 14051553, "type": "buy"}
{"amount": 0.01684999, "date": 1659540099, "price": 123748.03756907, "tid": 14051554, "type": "buy"}
{"amount": 0.01859, "date": 1659540104, "price": 123743.62776468, "tid": 14051555, "type": "buy"}
{"amount": 0.01646999, "date": 1659540104, "price": 123744.14976372, "tid": 14051556, "type": "buy"}
{"amount": 0.01757, "date": 1659540109, "price": 123734.6450312, "tid": 14051557, "type": "buy"}
{"amount": 0.01748999, "date": 1659540109, "price": 123740.92533215, "tid": 14051558, "type": "buy"}
{"amount": 0.00014001, "date": 1659540113, "price": 123740.92533215, "tid": 14051559, "type": "buy"}
{"amount": 0.00046606, "date": 1659540113, "price": 123749.29906675, "tid": 14051560, "type": "buy"}
{"amount": 0.01657, "date": 1659540127, "price": 123648.97235863, "tid": 14051561, "type": "sell"}
{"amount": 0.0029016, "date": 1659540127, "price": 123647.30683715, "tid": 14051562, "type": "sell"}
{"amount": 0.00050463, "date": 1659540222, "price": 123657.27036802, "tid": 14051563, "type": "sell"}
{"amount": 4.038e-05, "date": 1659540241, "price": 123822.40477079, "tid": 14051564, "type": "buy"}
{"amount": 0.00040384, "date": 1659540252, "price": 123810.47239826, "tid": 14051565, "type": "buy"}
{"amount": 0.01870536, "date": 1659540275, "price": 123823.12, "tid": 14051566, "type": "buy"}
{"amount": 0.00040322, "date": 1659540276, "price": 123823.12, "tid": 14051567, "type": "buy"}
{"amount": 0.0041947, "date": 1659540286, "price": 123695.0502909, "tid": 14051568, "type": "sell"}
{"amount": 0.00083377, "date": 1659540365, "price": 123717.29721, "tid": 14051569, "type": "sell"}
{"amount": 0.00016525, "date": 1659540391, "price": 123871.14, "tid": 14051570, "type": "buy"}
{"amount": 0.00070121, "date": 1659540399, "price": 123761.0226, "tid": 14051571, "type": "sell"}
{"amount": 0.00014351, "date": 1659540436, "price": 123809.29999999, "tid": 14051572, "type": "sell"}
{"amount": 0.01148853, "date": 1659540444, "price": 123809.3, "tid": 14051573, "type": "buy"}
{"amount": 0.2016129, "date": 1659540451, "price": 123878.71, "tid": 14051574, "type": "buy"}
{"amount": 0.01417296, "date": 1659540498, "price": 123891.44, "tid": 14051575, "type": "buy"}
{"amount": 0.01148855, "date": 1659540502, "price": 123900, "tid": 14051576, "type": "buy"}
{"amount": 0.00022224, "date": 1659540531, "price": 123873.01442794, "tid": 14051577, "type": "sell"}
{"amount": 4.5e-05, "date": 1659540552, "price": 123980.77, "tid": 14051578, "type": "buy"}
{"amount": 1e-05, "date": 1659540552, "price": 123999.99, "tid": 14051579, "type": "buy"}
{"amount": 0.00014218, "date": 1659540552, "price": 124000, "tid": 14051580, "type": "buy"}
{"amount": 1.135e-05, "date": 1659540573, "price": 123939.27758166, "tid": 14051581, "type": "sell"}
{"amount": 0.00013264, "date": 1659540598, "price": 123922.9813929, "tid": 14051582, "type": "sell"}
{"amount": 1.169e-05, "date": 1659540601, "price": 123947.25549, "tid": 14051583, "type": "sell"}
{"amount": 0.01071223, "date": 1659540613, "price": 123967.55438396, "tid": 14051584, "type": "sell"}
{"amount": 0.00132182, "date": 1659540625, "price": 123967.79974, "tid": 14051585, "type": "sell"}
{"amount": 0.01612903, "date": 1659540626, "price": 124000, "tid": 14051586, "type": "buy"}
{"amount": 0.00016258, "date": 1659540631, "price": 124000, "tid": 14051587, "type": "buy"}
{"amount": 0.0001818, "date": 1659540635, "price": 123926.26946136, "tid": 14051588, "type": "sell"}
{"amount": 0.00064135, "date": 1659540671, "price": 123960.38714572, "tid": 14051589, "type": "sell"}
{"amount": 0.00029063, "date": 1659540707, "price": 124000, "tid": 14051590, "type": "buy"}
{"amount": 8.064e-05, "date": 1659540720, "price": 124000, "tid": 14051591, "type": "buy"}
{"amount": 0.00016405, "date": 1659540755, "price": 123905.67751254, "tid": 14051592, "type": "sell"}
{"amount": 2.419e-05, "date": 1659540766, "price": 124000, "tid": 14051593, "type": "buy"}
{"amount": 0.00572642, "date": 1659540773, "price": 124000, "tid": 14051594, "type": "buy"}
{"amount": 1e-05, "date": 1659540773, "price": 124000, "tid": 14051595, "type": "buy"}
{"amount": 0.0011, "date": 1659540773, "price": 124000, "tid": 14051596, "type": "buy"}
{"amount": 0.00929261, "date": 1659540773, "price": 124000, "tid": 14051597, "type": "buy"}
{"amount": 8.273e-05, "date": 1659540785, "price": 123938.67592618, "tid": 14051598, "type": "sell"}
{"amount": 0.005, "date": 1659540792, "price": 123918.06785206, "tid": 14051599, "type": "sell"}
{"amount": 0.00016656, "date": 1659540808, "price": 123924.53747658, "tid": 14051600, "type": "sell"}
{"amount": 0.0174, "date": 1659540819, "price": 123996.38394461, "tid": 14051601, "type": "buy"}
{"amount": 0.01633, "date": 1659540819, "price": 123996.67213158, "tid": 14051602, "type": "buy"}
{"amount": 0.00640214, "date": 1659540819, "price": 124000, "tid": 14051603, "type": "buy"}
{"amount": 0.00048489, "date": 1659540819, "price": 124000, "tid": 14051604, "type": "buy"}
{"amount": 0.00846621, "date": 1659540819, "price": 124000, "tid": 14051605, "type": "buy"}
{"amount": 1e-05, "date": 1659540819, "price": 124000.01, "tid": 14051606, "type": "buy"}
{"amount": 0.0396173, "date": 1659540819, "price": 124000.25, "tid": 14051607, "type": "buy"}
{"amount": 0.00028309, "date": 1659540825, "price": 123986.71, "tid": 14051608, "type": "buy"}
{"amount": 0.00520174, "date": 1659540847, "price": 123916.70358596, "tid": 14051609, "type": "sell"}
{"amount": 0.0042, "date": 1659540868, "price": 123916.65051, "tid": 14051610, "type": "sell"}
{"amount": 8.6e-05, "date": 1659540895, "price": 123955.49, "tid": 14051611, "type": "buy"}
{"amount": 0.00233954, "date": 1659540904, "price": 123955.49, "tid": 14051612, "type": "buy"}
{"amount": 0.00060917, "date": 1659540930, "price": 123942.47571, "tid": 14051613, "type": "sell"}
{"amount": 0.00021904, "date": 1659540955, "price": 123941.75610104, "tid": 14051614, "type": "sell"}
{"amount": 7.062e-05, "date": 1659540991, "price": 124040.31, "tid": 14051615, "type": "buy"}
{"amount": 0.00018151, "date": 1659541002, "price": 124040.31, "tid": 14051616, "type": "buy"}
{"amount": 3.582e-05, "date": 1659541002, "price": 124051.23, "tid": 14051617, "type": "buy"}
{"amount": 0.00403059, "date": 1659541017, "price": 124051.23, "tid": 14051618, "type": "buy"}
{"amount": 0.00010579, "date": 1659541030, "price": 123970.05418, "tid": 14051619, "type": "sell"}
{"amount": 0.00021581, "date": 1659541031, "price": 123970.05418, "tid": 14051620, "type": "sell"}
{"amount": 0.00242074, "date": 1659541126, "price": 123928.58, "tid": 14051621, "type": "buy"}
{"amount": 0.00040345, "date": 1659541129, "price": 123928.58, "tid": 14051622, "type": "buy"}
{"amount": 0.00414918, "date": 1659541136, "price": 123899, "tid": 14051623, "type": "sell"}
{"amount": 0.00853372, "date": 1659541136, "price": 123809.83013888, "tid": 14051624, "type": "sell"}
{"amount": 0.00122584, "date": 1659541141, "price": 123816.50227224, "tid": 14051625, "type": "sell"}
{"amount": 4.037e-05, "date": 1659541179, "price": 123842.83, "tid": 14051626, "type": "buy"}
{"amount": 0.00048278, "date": 1659541186, "price": 123842.82999999, "tid": 14051627, "type": "sell"}
{"amount": 0.00063572, "date": 1659541198, "price": 123769.64239152, "tid": 14051628, "type": "sell"}
{"amount": 0.00015552, "date": 1659541204, "price": 123842.82999, "tid": 14051629, "type": "sell"}
{"amount": 0.00083303, "date": 1659541204, "price": 123842.82998, "tid": 14051630, "type": "sell"}
{"amount": 0.00112239, "date": 1659541226, "price": 123842.83, "tid": 14051631, "type": "buy"}
{"amount": 0.0042, "date": 1659541231, "price": 123800.72078194, "tid": 14051632, "type": "sell"}
{"amount": 0.00546838, "date": 1659541238, "price": 123814.93913, "tid": 14051633, "type": "sell"}
{"amount": 0.00068097, "date": 1659541242, "price": 123818.2538322, "tid": 14051634, "type": "sell"}
{"amount": 0.00245621, "date": 1659541282, "price": 123842.83, "tid": 14051635, "type": "buy"}
{"amount": 0.01589, "date": 1659541296, "price": 123842.82999999, "tid": 14051636, "type": "sell"}
{"amount": 0.01489, "date": 1659541296, "price": 123789.99148606, "tid": 14051637, "type": "sell"}
{"amount": 0.02250474, "date": 1659541296, "price": 123787.35957, "tid": 14051638, "type": "sell"}
{"amount": 0.00080747, "date": 1659541332, "price": 123842.83, "tid": 14051639, "type": "buy"}
{"amount": 0.00136697, "date": 1659541349, "price": 123842.83, "tid": 14051640, "type": "buy"}
{"amount": 0.00718026, "date": 1659541354, "price": 123842.82999999, "tid": 14051641, "type": "sell"}
{"amount": 0.006085, "date": 1659541393, "price": 123825.56862818, "tid": 14051642, "type": "sell"}
{"amount": 0.0008005, "date": 1659541418, "price": 123798.6454014, "tid": 14051643, "type": "sell"}
{"amount": 0.00016603, "date": 1659541484, "price": 123798.64, "tid": 14051644, "type": "sell"}
{"amount": 0.00099562, "date": 1659541490, "price": 123842.08994, "tid": 14051645, "type": "buy"}
{"amount": 0.00045263, "date": 1659541521, "price": 123798.64, "tid": 14051646, "type": "sell"}
{"amount": 0.00195204, "date": 1659541521, "price": 123769.64, "tid": 14051647, "type": "sell"}
{"amount": 0.01346862, "date": 1659541550, "price": 123769.64, "tid": 14051648, "type": "sell"}
{"amount": 0.00711398, "date": 1659541599, "price": 123769.64, "tid": 14051649, "type": "sell"}
{"amount": 0.00048278, "date": 1659541650, "price": 123769.64, "tid": 14051650, "type": "sell"}
{"amount": 0.01201233, "date": 1659541652, "price": 123769.64, "tid": 14051651, "type": "sell"}
{"amount": 5.385e-05, "date": 1659541664, "price": 123769.64, "tid": 14051652, "type": "sell"}
{"amount": 5.348e-05, "date": 1659541722, "price": 123769.64000001, "tid": 14051653, "type": "buy"}
{"amount": 2.092e-05, "date": 1659541731, "price": 123769.64000001, "tid": 14051654, "type": "buy"}
{"amount": 0.00031343, "date": 1659541753, "price": 123769.64, "tid": 14051655, "type": "sell"}
{"amount": 0.00793808, "date": 1659541774, "price": 123769.64, "tid": 14051656, "type": "sell"}
{"amount": 0.00793808, "date": 1659541779, "price": 123769.64, "tid": 14051657, "type": "sell"}
{"amount": 0.13301494, "date": 1659541791, "price": 123769.64, "tid": 14051658, "type": "sell"}
{"amount": 0.14206192, "date": 1659541797, "price": 123769.64, "tid": 14051659, "type": "sell"}
{"amount": 0.01016942, "date": 1659541814, "price": 123769.64, "tid": 14051660, "type": "sell"}
{"amount": 0.003, "date": 1659541835, "price": 123769.64, "tid": 14051661, "type": "sell"}
{"amount": 0.10800428, "date": 1659541840, "price": 123769.64, "tid": 14051662, "type": "sell"}
{"amount": 0.05247625, "date": 1659541844, "price": 123769.64, "tid": 14051663, "type": "sell"}
{"amount": 3e-05, "date": 1659541939, "price": 123550, "tid": 14051664, "type": "sell"}
{"amount": 0.00087, "date": 1659541961, "price": 123550, "tid": 14051665, "type": "sell"}
{"amount": 0.003602, "date": 1659541961, "price": 123413.56696188, "tid": 14051666, "type": "sell"}
{"amount": 0.00023368, "date": 1659541963, "price": 123416.83374922, "tid": 14051667, "type": "sell"}
{"amount": 4.05e-05, "date": 1659541984, "price": 123448.39, "tid": 14051668, "type": "buy"}
{"amount": 3e-05, "date": 1659541989, "price": 123426.73540948, "tid": 14051669, "type": "sell"}
{"amount": 7.703e-05, "date": 1659541992, "price": 123448.39, "tid": 14051670, "type": "buy"}
{"amount": 0.00042714, "date": 1659541994, "price": 123448.39, "tid": 14051671, "type": "buy"}
{"amount": 0.13699491, "date": 1659542025, "price": 123448.39, "tid": 14051672, "type": "buy"}
{"amount": 0.01084951, "date": 1659542061, "price": 123546.52076651, "tid": 14051673, "type": "buy"}
{"amount": 0.00531, "date": 1659542113, "price": 123497.87983796, "tid": 14051674, "type": "sell"}
{"amount": 0.00279291, "date": 1659542122, "price": 123505.36743, "tid": 14051675, "type": "sell"}
{"amount": 1.375e-05, "date": 1659542123, "price": 123509.41227762, "tid": 14051676, "type": "sell"}
{"amount": 0.00012069, "date": 1659542139, "price": 123533.26768268, "tid": 14051677, "type": "sell"}
{"amount": 0.00090724, "date": 1659542238, "price": 123625.78659, "tid": 14051678, "type": "sell"}
{"amount": 0.001, "date": 1659542239, "price": 123625.78659, "tid": 14051679, "type": "sell"}
{"amount": 0.00334072, "date": 1659542271, "price": 123700.55, "tid": 14051680, "type": "buy"}
{"amount": 0.00039898, "date": 1659542296, "price": 123568.14876, "tid": 14051681, "type": "sell"}
{"amount": 2.044e-05, "date": 1659542331, "price": 123533.03769323, "tid": 14051682, "type": "sell"}
{"amount": 0.00728942, "date": 1659542338, "price": 123466.56, "tid": 14051683, "type": "buy"}
{"amount": 0.00015315, "date": 1659542344, "price": 123466.56, "tid": 14051684, "type": "buy"}
{"amount": 0.00016199, "date": 1659542358, "price": 123463.69444277, "tid": 14051685, "type": "buy"}
{"amount": 0.00036586, "date": 1659542417, "price": 123352.95346, "tid": 14051686, "type": "sell"}
{"amount": 0.00032604, "date": 1659542427, "price": 123345.14634, "tid": 14051687, "type": "sell"}
{"amount": 0.00406146, "date": 1659542442, "price": 123261.06, "tid": 14051688, "type": "buy"}
{"amount": 0.01989548, "date": 1659542468, "price": 123261.0507, "tid": 14051689, "type": "sell"}
{"amount": 0.00832737, "date": 1659542508, "price": 123261.0507, "tid": 14051690, "type": "sell"}
{"amount": 0.00454761, "date": 1659542520, "price": 123261.0507, "tid": 14051691, "type": "sell"}
{"amount": 0.00600729, "date": 1659542559, "price": 123261.05999999, "tid": 14051692, "type": "sell"}
{"amount": 8.151e-05, "date": 1659542588, "price": 123273.54772, "tid": 14051693, "type": "sell"}
{"amount": 0.0004329, "date": 1659542598, "price": 123377, "tid": 14051694, "type": "buy"}
{"amount": 2.717e-05, "date": 1659542620, "price": 123221.75958508, "tid": 14051695, "type": "sell"}
{"amount": 0.00018102, "date": 1659542678, "price": 123355.68544549, "tid": 14051696, "type": "buy"}
{"amount": 9.05e-06, "date": 1659542684, "price": 123209.59643, "tid": 14051697, "type": "sell"}
{"amount": 2.403e-05, "date": 1659542717, "price": 123131.62045, "tid": 14051698, "type": "sell"}
{"amount": 0.00031838, "date": 1659542742, "price": 123155.98569, "tid": 14051699, "type": "sell"}
{"amount": 0.00040551, "date": 1659542745, "price": 123299.19770001, "tid": 14051700, "type": "buy"}
{"amount": 0.25, "date": 1659542758, "price": 123207.65, "tid": 14051701, "type": "buy"}
{"amount": 0.01717, "date": 1659542758, "price": 123300.00788602, "tid": 14051702, "type": "buy"}
{"amount": 0.01643787, "date": 1659542758, "price": 123302.18288202, "tid": 14051703, "type": "buy"}
{"amount": 0.00811574, "date": 1659542781, "price": 123217.31, "tid": 14051704, "type": "buy"}
{"amount": 0.00334177, "date": 1659542788, "price": 123184.1926, "tid": 14051705, "type": "sell"}
{"amount": 0.00081157, "date": 1659542832, "price": 123217.31, "tid": 14051706, "type": "buy"}
{"amount": 0.00085694, "date": 1659542900, "price": 123203.3302304, "tid": 14051707, "type": "sell"}
{"amount": 7.357e-05, "date": 1659542907, "price": 123215.6239603, "tid": 14051708, "type": "sell"}
{"amount": 0.00405506, "date": 1659542921, "price": 123302.69944357, "tid": 14051709, "type": "buy"}
{"amount": 0.00069002, "date": 1659542996, "price": 122983.43617652, "tid": 14051710, "type": "sell"}
{"amount": 1.311e-05, "date": 1659543026, "price": 123012.20321742, "tid": 14051711, "type": "sell"}
{"amount": 0.00069061, "date": 1659543037, "price": 123078.42657275, "tid": 14051712, "type": "buy"}
{"amount": 0.00026005, "date": 1659543061, "price": 123049.08, "tid": 14051713, "type": "buy"}
{"amount": 0.00082601, "date": 1659543197, "price": 122987.54225452, "tid": 14051714, "type": "buy"}
{"amount": 1.3e-05, "date": 1659543198, "price": 122987.54225452, "tid": 14051715, "type": "buy"}
{"amount": 0.00010041, "date": 1659543201, "price": 122990, "tid": 14051716, "type": "buy"}
{"amount": 0.00609751, "date": 1659543215, "price": 123001, "tid": 14051717, "type": "buy"}
{"amount": 9.65e-05, "date": 1659543222, "price": 122994.67619913, "tid": 14051718, "type": "buy"}
{"amount": 0.00042278, "date": 1659543232, "price": 122995, "tid": 14051719, "type": "buy"}
{"amount": 0.0005, "date": 1659543245, "price": 122893.49388, "tid": 14051720, "type": "sell"}
{"amount": 0.00012196, "date": 1659543286, "price": 122985.53681703, "tid": 14051721, "type": "buy"}
{"amount": 0.01464, "date": 1659543289, "price": 122889.14054958, "tid": 14051722, "type": "sell"}
{"amount": 0.02054, "date": 1659543289, "price": 122885.61796, "tid": 14051723, "type": "sell"}
{"amount": 0.00014248, "date": 1659543350, "price": 122850.85026, "tid": 14051724, "type": "sell"}
{"amount": 0.00015242, "date": 1659543362, "price": 122840, "tid": 14051725, "type": "sell"}
{"amount": 0.00061105, "date": 1659543362, "price": 122835, "tid": 14051726, "type": "sell"}
{"amount": 0.00048278, "date": 1659543420, "price": 122900, "tid": 14051727, "type": "buy"}
{"amount": 0.00163164, "date": 1659543420, "price": 122983.98713238, "tid": 14051728, "type": "buy"}
{"amount": 2.2e-05, "date": 1659543485, "price": 122862.34, "tid": 14051729, "type": "buy"}
{"amount": 0.01329681, "date": 1659543488, "price": 122835.00005, "tid": 14051730, "type": "sell"}
{"amount": 2.2e-05, "date": 1659543505, "price": 122899.99, "tid": 14051731, "type": "sell"}
{"amount": 0.10995698, "date": 1659543505, "price": 122835.00005, "tid": 14051732, "type": "sell"}
{"amount": 0.00038895, "date": 1659543505, "price": 122835, "tid": 14051733, "type": "sell"}
{"amount": 0.0002, "date": 1659543505, "price": 122831.40841, "tid": 14051734, "type": "sell"}
{"amount": 0.01531, "date": 1659543505, "price": 122820.391901, "tid": 14051735, "type": "sell"}
{"amount": 0.01483, "date": 1659543505, "price": 122816.05394848, "tid": 14051736, "type": "sell"}
{"amount": 0.0005, "date": 1659543505, "price": 122810, "tid": 14051737, "type": "sell"}
{"amount": 0.01451, "date": 1659543505, "price": 122777.30461132, "tid": 14051738, "type": "sell"}
{"amount": 0.01546, "date": 1659543505, "price": 122777.13407756, "tid": 14051739, "type": "sell"}
{"amount": 0.01499, "date": 1659543505, "price": 122774.87983442, "tid": 14051740, "type": "sell"}
{"amount": 0.01515, "date": 1659543505, "price": 122774.58140034, "tid": 14051741, "type": "sell"}
{"amount": 0.01531, "date": 1659543505, "price": 122774.16039512, "tid": 14051742, "type": "sell"}
{"amount": 0.00509207, "date": 1659543505, "price": 122773.58484368, "tid": 14051743, "type": "sell"}
{"amount": 0.00081351, "date": 1659543517, "price": 122923.12444437, "tid": 14051744, "type": "buy"}
{"amount": 0.00083672, "date": 1659543533, "price": 122939.04933343, "tid": 14051745, "type": "buy"}
{"amount": 0.01534553, "date": 1659543551, "price": 122827.26668, "tid": 14051746, "type": "sell"}
{"amount": 0.0406896, "date": 1659543551, "price": 122881.74, "tid": 14051747, "type": "buy"}
{"amount": 0.00406921, "date": 1659543569, "price": 122873.94, "tid": 14051748, "type": "buy"}
{"amount": 0.00073121, "date": 1659543591, "price": 122932.69833071, "tid": 14051749, "type": "buy"}
{"amount": 0.00040669, "date": 1659543611, "price": 122942.6, "tid": 14051750, "type": "buy"}
{"amount": 0.0022222, "date": 1659543700, "price": 122908.01416, "tid": 14051751, "type": "sell"}
{"amount": 0.0054712, "date": 1659543726, "price": 122983.98, "tid": 14051752, "type": "buy"}
{"amount": 0.00994, "date": 1659543726, "price": 123000, "tid": 14051753, "type": "buy"}
{"amount": 0.00084967, "date": 1659543726, "price": 123000, "tid": 14051754, "type": "buy"}
{"amount": 2.536e-05, "date": 1659543808, "price": 122973.26838001, "tid": 14051755, "type": "sell"}
{"amount": 4.569e-05, "date": 1659543819, "price": 123000, "tid": 14051756, "type": "buy"}
{"amount": 0.00029163, "date": 1659543833, "price": 122973.26838001, "tid": 14051757, "type": "sell"}
{"amount": 0.0007317, "date": 1659543858, "price": 123000, "tid": 14051758, "type": "buy"}
{"amount": 0.01232, "date": 1659543924, "price": 122988.30199678, "tid": 14051759, "type": "sell"}
{"amount": 0.00247294, "date": 1659543928, "price": 123000, "tid": 14051760, "type": "buy"}
{"amount": 0.01981953, "date": 1659543928, "price": 123000, "tid": 14051761, "type": "buy"}
{"amount": 0.00162095, "date": 1659544030, "price": 123383.86497453, "tid": 14051762, "type": "buy"}
{"amount": 0.00024335, "date": 1659544070, "price": 123184.64920562, "tid": 14051763, "type": "sell"}
{"amount": 0.01219, "date": 1659544115, "price": 123200.2898891, "tid": 14051764, "type": "sell"}
{"amount": 0.01274457, "date": 1659544115, "price": 123199.68774, "tid": 14051765, "type": "sell"}
{"amount": 0.00024313, "date": 1659544118, "price": 123389.47646421, "tid": 14051766, "type": "buy"}
{"amount": 0.0060638, "date": 1659544119, "price": 123389.47646421, "tid": 14051767, "type": "buy"}
{"amount": 0.00011794, "date": 1659544132, "price": 123203.3323, "tid": 14051768, "type": "sell"}
{"amount": 0.01153, "date": 1659544171, "price": 123230.27550436, "tid": 14051769, "type": "sell"}
{"amount": 0.13546597, "date": 1659544171, "price": 123229.2257, "tid": 14051770, "type": "sell"}
{"amount": 0.01153, "date": 1659544171, "price": 123229.2256559, "tid": 14051771, "type": "sell"}
{"amount": 0.01243, "date": 1659544171, "price": 123170.27752206, "tid": 14051772, "type": "sell"}
{"amount": 0.0123, "date": 1659544171, "price": 123168.9345687, "tid": 14051773, "type": "sell"}
{"amount": 0.01674403, "date": 1659544171, "price": 123166.4565, "tid": 14051774, "type": "sell"}
{"amount": 0.00038527, "date": 1659544201, "price": 123196.9014691, "tid": 14051775, "type": "sell"}
{"amount": 6.297e-05, "date": 1659544225, "price": 123388.08446677, "tid": 14051776, "type": "buy"}
{"amount": 0.00016026, "date": 1659544272, "price": 123247.80805, "tid": 14051777, "type": "sell"}
{"amount": 0.00407602, "date": 1659544293, "price": 123263.90156524, "tid": 14051778, "type": "sell"}
{"amount": 0.02059, "date": 1659544298, "price": 123391.14703538, "tid": 14051779, "type": "buy"}
{"amount": 2.644e-05, "date": 1659544387, "price": 123466.56, "tid": 14051780, "type": "buy"}
{"amount": 0.00078328, "date": 1659544387, "price": 123500, "tid": 14051781, "type": "buy"}
{"amount": 0.00462, "date": 1659544390, "price": 123407.2341736, "tid": 14051782, "type": "sell"}
{"amount": 6.456e-05, "date": 1659544391, "price": 123407.2341736, "tid": 14051783, "type": "sell"}
{"amount": 0.00048582, "date": 1659544450, "price": 123500, "tid": 14051784, "type": "buy"}
{"amount": 0.00870502, "date": 1659544450, "price": 123500, "tid": 14051785, "type": "buy"}
{"amount": 0.00433159, "date": 1659544450, "price": 123500, "tid": 14051786, "type": "buy"}
{"amount": 0.00048583, "date": 1659544450, "price": 123534.15, "tid": 14051787, "type": "buy"}
{"amount": 0.00390624, "date": 1659544456, "price": 123534.15, "tid": 14051788, "type": "buy"}
{"amount": 0.00048278, "date": 1659544460, "price": 123595.92, "tid": 14051789, "type": "sell"}
{"amount": 0.02009, "date": 1659544467, "price": 123682.60084551, "tid": 14051790, "type": "buy"}
{"amount": 0.00133675, "date": 1659544467, "price": 123685.81983959, "tid": 14051791, "type": "buy"}
{"amount": 3.371e-05, "date": 1659544489, "price": 123675.89988684, "tid": 14051792, "type": "buy"}
{"amount": 0.00709455, "date": 1659544518, "price": 123684.50396701, "tid": 14051793, "type": "buy"}
{"amount": 7.042e-05, "date": 1659544538, "price": 123683.00321977, "tid": 14051794, "type": "buy"}
{"amount": 0.00155516, "date": 1659544555, "price": 123509.33985, "tid": 14051795, "type": "sell"}
{"amount": 0.00836908, "date": 1659544560, "price": 123509.33985, "tid": 14051796, "type": "sell"}
{"amount": 1.213e-05, "date": 1659544578, "price": 123637.34870729, "tid": 14051797, "type": "buy"}
{"amount": 0.00809265, "date": 1659544648, "price": 123568.79553096, "tid": 14051798, "type": "buy"}
{"amount": 0.00022393, "date": 1659544791, "price": 123449.64116884, "tid": 14051799, "type": "sell"}
{"amount": 0.00080895, "date": 1659544800, "price": 123616.2337698, "tid": 14051800, "type": "buy"}
{"amount": 2.986e-05, "date": 1659544850, "price": 123523.52933, "tid": 14051801, "type": "sell"}
{"amount": 8.756e-05, "date": 1659544859, "price": 123523.52933, "tid": 14051802, "type": "sell"}
{"amount": 7.838e-05, "date": 1659544864, "price": 123627, "tid": 14051803, "type": "buy"}
{"amount": 0.00024499, "date": 1659544874, "price": 123536.48999, "tid": 14051804, "type": "sell"}
{"amount": 0.00186026, "date": 1659544899, "price": 123638.1719225, "tid": 14051805, "type": "buy"}
{"amount": 8.686e-05, "date": 1659544913, "price": 123641.80765294, "tid": 14051806, "type": "buy"}
{"amount": 0.00018237, "date": 1659544932, "price": 123536.50005, "tid": 14051807, "type": "sell"}
{"amount": 0.00210578, "date": 1659544936, "price": 123536.50005, "tid": 14051808, "type": "sell"}
{"amount": 0.00808732, "date": 1659544942, "price": 123650.33907475, "tid": 14051809, "type": "buy"}
{"amount": 0.00076257, "date": 1659544988, "price": 123546.85408602, "tid": 14051810, "type": "sell"}
{"amount": 0.01213002, "date": 1659545008, "price": 123660.06325724, "tid": 14051811, "type": "buy"}
{"amount": 0.01979, "date": 1659545034, "price": 123653.68508147, "tid": 14051812, "type": "buy"}
{"amount": 0.01855, "date": 1659545034, "price": 123658.6168849, "tid": 14051813, "type": "buy"}
{"amount": 0.00209459, "date": 1659545034, "price": 123664, "tid": 14051814, "type": "buy"}
{"amount": 1.616e-05, "date": 1659545095, "price": 123690.22339298, "tid": 14051815, "type": "buy"}
{"amount": 9.37e-06, "date": 1659545127, "price": 123700, "tid": 14051816, "type": "buy"}
{"amount": 8.084e-05, "date": 1659545156, "price": 123700.55, "tid": 14051817, "type": "buy"}
{"amount": 0.01210636, "date": 1659545183, "price": 123628.08309664, "tid": 14051818, "type": "sell"}
{"amount": 0.01051411, "date": 1659545185, "price": 123632.62902, "tid": 14051819, "type": "sell"}
{"amount": 0.003, "date": 1659545220, "price": 123584.9097513, "tid": 14051820, "type": "sell"}
{"amount": 0.00036378, "date": 1659545224, "price": 123700.55, "tid": 14051821, "type": "buy"}
{"amount": 0.079, "date": 1659545231, "price": 123599.91153, "tid": 14051822, "type": "sell"}
{"amount": 0.00442, "date": 1659545264, "price": 123618.05696, "tid": 14051823, "type": "sell"}
{"amount": 0.0010105, "date": 1659545325, "price": 123700.55, "tid": 14051824, "type": "buy"}
{"amount": 2.479e-05, "date": 1659545328, "price": 123618.05696, "tid": 14051825, "type": "sell"}
{"amount": 8.117e-05, "date": 1659545344, "price": 123700.55, "tid": 14051826, "type": "buy"}
{"amount": 4.099e-05, "date": 1659545391, "price": 123683.31, "tid": 14051827, "type": "buy"}
{"amount": 0.00012305, "date": 1659545416, "price": 123683.31, "tid": 14051828, "type": "buy"}
{"amount": 0.01212786, "date": 1659545420, "price": 123682.95428236, "tid": 14051829, "type": "buy"}
{"amount": 8.085e-05, "date": 1659545427, "price": 123683.31, "tid": 14051830, "type": "buy"}
{"amount": 0.01383, "date": 1659545441, "price": 123558.8042047, "tid": 14051831, "type": "sell"}
{"amount": 0.03117, "date": 1659545441, "price": 123555.26034, "tid": 14051832, "type": "sell"}
{"amount": 0.00061059, "date": 1659545488, "price": 123581.32012, "tid": 14051833, "type": "sell"}
{"amount": 9.508e-05, "date": 1659545492, "price": 123683.31, "tid": 14051834, "type": "buy"}
{"amount": 8.085e-05, "date": 1659545587, "price": 123682.55, "tid": 14051835, "type": "buy"}
{"amount": 2.425e-05, "date": 1659545594, "price": 123682.55, "tid": 14051836, "type": "buy"}
{"amount": 0.0001629, "date": 1659545606, "price": 123581.93717474, "tid": 14051837, "type": "sell"}
{"amount": 0.00018724, "date": 1659545622, "price": 123682.55, "tid": 14051838, "type": "buy"}
{"amount": 0.00015977, "date": 1659545622, "price": 123683.31, "tid": 14051839, "type": "buy"}
{"amount": 0.00044976, "date": 1659545622, "price": 123683.31, "tid": 14051840, "type": "buy"}
{"amount": 0.03594322, "date": 1659545622, "price": 123700.55, "tid": 14051841, "type": "buy"}
{"amount": 0.03673999, "date": 1659545627, "price": 123700.55, "tid": 14051842, "type": "buy"}
{"amount": 0.00012996, "date": 1659545644, "price": 123584.26540805, "tid": 14051843, "type": "sell"}
{"amount": 0.00194392, "date": 1659545675, "price": 123613.5230888, "tid": 14051844, "type": "sell"}
{"amount": 0.3, "date": 1659545709, "price": 123700.55, "tid": 14051845, "type": "buy"}
{"amount": 0.3, "date": 1659545715, "price": 123700.55, "tid": 14051846, "type": "buy"}
{"amount": 0.15, "date": 1659545739, "price": 123700.55, "tid": 14051847, "type": "buy"}
{"amount": 0.15, "date": 1659545744, "price": 123700.55, "tid": 14051848, "type": "buy"}
{"amount": 0.010075, "date": 1659545749, "price": 123700.55, "tid": 14051849, "type": "buy"}
{"amount": 0.03528302, "date": 1659545762, "price": 123700.55, "tid": 14051850, "type": "buy"}
{"amount": 6.997e-05, "date": 1659545785, "price": 123700.55, "tid": 14051851, "type": "buy"}
{"amount": 4.886e-05, "date": 1659545803, "price": 123773.5113803, "tid": 14051852, "type": "sell"}
{"amount": 2.014e-05, "date": 1659545835, "price": 123798, "tid": 14051853, "type": "buy"}
{"amount": 8.029e-05, "date": 1659545845, "price": 123769.37075, "tid": 14051854, "type": "sell"}
{"amount": 0.00026106, "date": 1659545870, "price": 123660.33796, "tid": 14051855, "type": "sell"}
{"amount": 0.00084643, "date": 1659545921, "price": 123671.53474, "tid": 14051856, "type": "sell"}
{"amount": 0.0038677, "date": 1659545933, "price": 123674.44452, "tid": 14051857, "type": "sell"}
{"amount": 2e-05, "date": 1659545937, "price": 123674.8388316, "tid": 14051858, "type": "sell"}
{"amount": 0.00080855, "date": 1659546014, "price": 123676.92, "tid": 14051859, "type": "buy"}
{"amount": 7.859e-05, "date": 1659546022, "price": 123676.92, "tid": 14051860, "type": "buy"}
{"amount": 0.00173191, "date": 1659546029, "price": 123616.44139, "tid": 14051861, "type": "sell"}
{"amount": 0.025, "date": 1659546045, "price": 123616.44139, "tid": 14051862, "type": "sell"}
{"amount": 0.00126208, "date": 1659546129, "price": 123555.40235001, "tid": 14051863, "type": "sell"}
{"amount": 8.084e-05, "date": 1659546154, "price": 123692, "tid": 14051864, "type": "buy"}
{"amount": 0.14420699, "date": 1659546158, "price": 123692, "tid": 14051865, "type": "buy"}
{"amount": 0.14420699, "date": 1659546163, "price": 123624.82, "tid": 14051866, "type": "buy"}
{"amount": 0.00291206, "date": 1659546258, "price": 123638.70580483, "tid": 14051867, "type": "sell"}
{"amount": 6.066e-05, "date": 1659546258, "price": 123638.70580482, "tid": 14051868, "type": "sell"}
{"amount": 0.00807767, "date": 1659546280, "price": 123798, "tid": 14051869, "type": "buy"}
{"amount": 5.699e-05, "date": 1659546282, "price": 123675.15776002, "tid": 14051870, "type": "sell"}
{"amount": 0.00190219, "date": 1659546282, "price": 123798, "tid": 14051871, "type": "buy"}
{"amount": 0.00161443, "date": 1659546357, "price": 123882.1131487, "tid": 14051872, "type": "buy"}
{"amount": 0.00048435, "date": 1659546372, "price": 123876.95291069, "tid": 14051873, "type": "buy"}
{"amount": 0.00039129, "date": 1659546444, "price": 123680.62948, "tid": 14051874, "type": "sell"}
{"amount": 0.00028746, "date": 1659546460, "price": 123807.58756747, "tid": 14051875, "type": "buy"}
{"amount": 8.285e-05, "date": 1659546481, "price": 123643.55821292, "tid": 14051876, "type": "sell"}
{"amount": 0.00031619, "date": 1659546501, "price": 123647.3361, "tid": 14051877, "type": "sell"}
{"amount": 0.00011525, "date": 1659546506, "price": 123647.3361, "tid": 14051878, "type": "sell"}
{"amount": 1.438e-05, "date": 1659546565, "price": 123716.55196797, "tid": 14051879, "type": "buy"}
{"amount": 0.00012366, "date": 1659546603, "price": 123716.67159275, "tid": 14051880, "type": "buy"}
{"amount": 0.0003, "date": 1659546639, "price": 123716, "tid": 14051881, "type": "buy"}
{"amount": 1.378e-05, "date": 1659546639, "price": 123723.95239186, "tid": 14051882, "type": "buy"}
{"amount": 0.01009879, "date": 1659546650, "price": 123777.13834351, "tid": 14051883, "type": "buy"}
{"amount": 0.01361, "date": 1659546712, "price": 123448.63761579, "tid": 14051884, "type": "sell"}
{"amount": 0.00401023, "date": 1659546712, "price": 123444.56612228, "tid": 14051885, "type": "sell"}
{"amount": 0.01304, "date": 1659546712, "price": 123444.56612227, "tid": 14051886, "type": "sell"}
{"amount": 0.01389, "date": 1659546712, "price": 123443.58560188, "tid": 14051887, "type": "sell"}
{"amount": 0.05574065, "date": 1659546712, "price": 123442.32258, "tid": 14051888, "type": "sell"}
{"amount": 0.00048278, "date": 1659546714, "price": 123452.06960771, "tid": 14051889, "type": "sell"}
{"amount": 0.00014272, "date": 1659546716, "price": 123452.06960772, "tid": 14051890, "type": "sell"}
{"amount": 0.00414, "date": 1659546717, "price": 123452.06960772, "tid": 14051891, "type": "sell"}
{"amount": 0.01130509, "date": 1659546750, "price": 123391.15, "tid": 14051892, "type": "sell"}
{"amount": 0.00016578, "date": 1659546751, "price": 123391.15, "tid": 14051893, "type": "sell"}
{"amount": 0.02616458, "date": 1659546751, "price": 123472.46, "tid": 14051894, "type": "buy"}
{"amount": 0.01897, "date": 1659546756, "price": 123468.58850712, "tid": 14051895, "type": "buy"}
{"amount": 0.00719458, "date": 1659546756, "price": 123468.95281895, "tid": 14051896, "type": "buy"}
{"amount": 0.00028413, "date": 1659546758, "price": 123391.14, "tid": 14051897, "type": "sell"}
{"amount": 0.00071402, "date": 1659546758, "price": 123357.77136892, "tid": 14051898, "type": "sell"}
{"amount": 0.00445319, "date": 1659546758, "price": 123391.14005, "tid": 14051899, "type": "sell"}
{"amount": 0.01469371, "date": 1659546761, "price": 123483.16995133, "tid": 14051900, "type": "buy"}
{"amount": 4.049e-05, "date": 1659546764, "price": 123486.00288362, "tid": 14051901, "type": "buy"}
{"amount": 0.00377078, "date": 1659546768, "price": 123391.14005001, "tid": 14051902, "type": "sell"}
{"amount": 0.00972922, "date": 1659546768, "price": 123391.14005, "tid": 14051903, "type": "sell"}
{"amount": 0.00040957, "date": 1659546791, "price": 123604.3356523, "tid": 14051904, "type": "buy"}
{"amount": 4.257e-05, "date": 1659546800, "price": 123553.64886424, "tid": 14051905, "type": "buy"}
{"amount": 0.00014152, "date": 1659546809, "price": 123585.37514454, "tid": 14051906, "type": "buy"}
{"amount": 0.01844, "date": 1659546822, "price": 123585.72858139, "tid": 14051907, "type": "buy"}
{"amount": 0.00178877, "date": 1659546822, "price": 123592.55263134, "tid": 14051908, "type": "buy"}
{"amount": 0.00393365, "date": 1659546923, "price": 123657.41495053, "tid": 14051909, "type": "buy"}
{"amount": 0.00393365, "date": 1659546929, "price": 123664.5, "tid": 14051910, "type": "buy"}
{"amount": 0.01000196, "date": 1659546938, "price": 123664.5, "tid": 14051911, "type": "buy"}
{"amount": 0.00607027, "date": 1659546945, "price": 123664.85, "tid": 14051912, "type": "buy"}
{"amount": 0.07498276, "date": 1659546962, "price": 123664.85, "tid": 14051913, "type": "buy"}
{"amount": 0.13071652, "date": 1659546968, "price": 123692.64, "tid": 14051914, "type": "buy"}
{"amount": 0.01845, "date": 1659546988, "price": 123748.34700464, "tid": 14051915, "type": "buy"}
{"amount": 0.06988632, "date": 1659546988, "price": 123750.86994, "tid": 14051916, "type": "buy"}
{"amount": 0.08833632, "date": 1659546997, "price": 123650.02, "tid": 14051917, "type": "buy"}
{"amount": 0.01433, "date": 1659547001, "price": 123620.90344978, "tid": 14051918, "type": "sell"}
{"amount": 0.00567, "date": 1659547001, "price": 123613.55451056, "tid": 14051919, "type": "sell"}
{"amount": 0.00028326, "date": 1659547055, "price": 123720, "tid": 14051920, "type": "sell"}
{"amount": 0.00311424, "date": 1659547065, "price": 123814.97081991, "tid": 14051921, "type": "buy"}
{"amount": 0.01838322, "date": 1659547074, "price": 123808.53283175, "tid": 14051922, "type": "buy"}
{"amount": 0.178, "date": 1659547100, "price": 123819, "tid": 14051923, "type": "buy"}
{"amount": 0.00041577, "date": 1659547110, "price": 124000, "tid": 14051924, "type": "buy"}
{"amount": 0.00101127, "date": 1659547110, "price": 124000, "tid": 14051925, "type": "buy"}
{"amount": 0.00212427, "date": 1659547119, "price": 124100, "tid": 14051926, "type": "buy"}
{"amount": 0.0001994, "date": 1659547119, "price": 124106.05344, "tid": 14051927, "type": "buy"}
{"amount": 0.21356555, "date": 1659547119, "price": 124148.98, "tid": 14051928, "type": "buy"}
{"amount": 0.000603, "date": 1659547119, "price": 124149.698383, "tid": 14051929, "type": "buy"}
{"amount": 1e-05, "date": 1659547130, "price": 124200, "tid": 14051930, "type": "buy"}
{"amount": 0.0134, "date": 1659547130, "price": 124200, "tid": 14051931, "type": "buy"}
{"amount": 0.0001, "date": 1659547130, "price": 124200, "tid": 14051932, "type": "buy"}
{"amount": 0.00015678, "date": 1659547130, "price": 124202.98, "tid": 14051933, "type": "buy"}
{"amount": 0.0022, "date": 1659547130, "price": 124208.03, "tid": 14051934, "type": "buy"}
{"amount": 0.01835, "date": 1659547130, "price": 124222.32819977, "tid": 14051935, "type": "buy"}
{"amount": 0.01816, "date": 1659547130, "price": 124224.91100752, "tid": 14051936, "type": "buy"}
{"amount": 0.01797, "date": 1659547130, "price": 124225.23181943, "tid": 14051937, "type": "buy"}
{"amount": 0.178, "date": 1659547130, "price": 124229, "tid": 14051938, "type": "buy"}
{"amount": 0.01368066, "date": 1659547130, "price": 124235, "tid": 14051939, "type": "buy"}
{"amount": 0.00038687, "date": 1659547136, "price": 124219.1037682, "tid": 14051940, "type": "buy"}
{"amount": 0.00232587, "date": 1659547223, "price": 123898.02745, "tid": 14051941, "type": "sell"}
{"amount": 0.00572951, "date": 1659547245, "price": 123948.14074296, "tid": 14051942, "type": "sell"}
{"amount": 1e-05, "date": 1659547269, "price": 124000, "tid": 14051943, "type": "buy"}
{"amount": 0.0020047, "date": 1659547269, "price": 124088, "tid": 14051944, "type": "buy"}
{"amount": 0.00037928, "date": 1659547408, "price": 124099.99999999, "tid": 14051945, "type": "sell"}
{"amount": 8.05e-06, "date": 1659547415, "price": 124100, "tid": 14051946, "type": "buy"}
{"amount": 1.95e-06, "date": 1659547415, "price": 124100, "tid": 14051947, "type": "buy"}
{"amount": 0.16626805, "date": 1659547425, "price": 124187.2, "tid": 14051948, "type": "buy"}
{"amount": 0.0161, "date": 1659547429, "price": 124243.12157515, "tid": 14051949, "type": "buy"}
{"amount": 0.00037655, "date": 1659547452, "price": 124153.48, "tid": 14051950, "type": "buy"}
{"amount": 0.00161928, "date": 1659547466, "price": 124153.47999999, "tid": 14051951, "type": "sell"}
{"amount": 0.00295319, "date": 1659547472, "price": 124153.47999999, "tid": 14051952, "type": "buy"}
{"amount": 0.00142639, "date": 1659547479, "price": 124079.02176094, "tid": 14051953, "type": "sell"}
{"amount": 0.00454267, "date": 1659547530, "price": 124109.48120064, "tid": 14051954, "type": "buy"}
{"amount": 0.01649, "date": 1659547530, "price": 124145.91645141, "tid": 14051955, "type": "buy"}
{"amount": 0.01159733, "date": 1659547530, "price": 124147.59657582, "tid": 14051956, "type": "buy"}
{"amount": 0.00318361, "date": 1659547534, "price": 124147.59657581, "tid": 14051957, "type": "buy"}
{"amount": 0.0097, "date": 1659547559, "price": 124082.51999999, "tid": 14051958, "type": "buy"}
{"amount": 0.02994311, "date": 1659547559, "price": 124082.52, "tid": 14051959, "type": "buy"}
{"amount": 0.01614, "date": 1659547564, "price": 124108.22982679, "tid": 14051960, "type": "buy"}
{"amount": 0.01515, "date": 1659547564, "price": 124111.98713238, "tid": 14051961, "type": "buy"}
{"amount": 0.00835311, "date": 1659547564, "price": 124112.04150728, "tid": 14051962, "type": "buy"}
{"amount": 0.00472687, "date": 1659547568, "price": 124111.98713237, "tid": 14051963, "type": "buy"}
{"amount": 0.03491624, "date": 1659547568, "price": 124116, "tid": 14051964, "type": "buy"}
{"amount": 0.01647, "date": 1659547571, "price": 123971.75147468, "tid": 14051965, "type": "sell"}
{"amount": 0.01647, "date": 1659547571, "price": 123969.37998958, "tid": 14051966, "type": "sell"}
{"amount": 0.01577, "date": 1659547571, "price": 123969.27873516, "tid": 14051967, "type": "sell"}
{"amount": 0.01577, "date": 1659547571, "price": 123968.29283686, "tid": 14051968, "type": "sell"}
{"amount": 0.01682, "date": 1659547571, "price": 123947.10667712, "tid": 14051969, "type": "sell"}
{"amount": 0.01612, "date": 1659547571, "price": 123945.55060656, "tid": 14051970, "type": "sell"}
{"amount": 0.00258, "date": 1659547571, "price": 123943.9411442, "tid": 14051971, "type": "sell"}
{"amount": 0.0097, "date": 1659547617, "price": 124043.49, "tid": 14051972, "type": "buy"}
{"amount": 0.0003, "date": 1659547617, "price": 124043.49, "tid": 14051973, "type": "buy"}
{"amount": 0.01, "date": 1659547622, "price": 124043.49, "tid": 14051974, "type": "buy"}
{"amount": 0.01, "date": 1659547627, "price": 124043.49, "tid": 14051975, "type": "buy"}
{"amount": 0.00664109, "date": 1659547639, "price": 124043.49, "tid": 14051976, "type": "buy"}
{"amount": 0.00664109, "date": 1659547643, "price": 124043.49, "tid": 14051977, "type": "buy"}
{"amount": 0.00346411, "date": 1659547648, "price": 124043.49, "tid": 14051978, "type": "buy"}
{"amount": 0.00041, "date": 1659547659, "price": 124080.81974591, "tid": 14051979, "type": "sell"}
{"amount": 4.027e-05, "date": 1659547688, "price": 124137.55657434, "tid": 14051980, "type": "buy"}
{"amount": 0.00019333, "date": 1659547726, "price": 124136.42013894, "tid": 14051981, "type": "buy"}
{"amount": 0.01505, "date": 1659547727, "price": 124035.45713894, "tid": 14051982, "type": "sell"}
{"amount": 0.0059, "date": 1659547727, "price": 124032.41417717, "tid": 14051983, "type": "sell"}
{"amount": 0.01537, "date": 1659547727, "price": 124032.41417716, "tid": 14051984, "type": "sell"}
{"amount": 0.02, "date": 1659547727, "price": 124028.8963, "tid": 14051985, "type": "sell"}
{"amount": 0.04368, "date": 1659547727, "price": 124028.88626, "tid": 14051986, "type": "sell"}
{"amount": 0.00026663, "date": 1659547744, "price": 124137.55, "tid": 14051987, "type": "sell"}
{"amount": 0.08020802, "date": 1659547768, "price": 123940.94021, "tid": 14051988, "type": "sell"}
{"amount": 0.01369564, "date": 1659547771, "price": 124127.02764334, "tid": 14051989, "type": "buy"}
{"amount": 0.00150947, "date": 1659547773, "price": 123948.3744161, "tid": 14051990, "type": "sell"}
{"amount": 0.00213469, "date": 1659547809, "price": 123996.15384568, "tid": 14051991, "type": "sell"}
{"amount": 0.00032222, "date": 1659547811, "price": 124137, "tid": 14051992, "type": "buy"}
{"amount": 0.00080558, "date": 1659547836, "price": 124134.10725532, "tid": 14051993, "type": "buy"}
{"amount": 0.00020206, "date": 1659547846, "price": 124032.73351272, "tid": 14051994, "type": "sell"}
{"amount": 0.0005, "date": 1659547893, "price": 123950.01, "tid": 14051995, "type": "sell"}
{"amount": 0.00309245, "date": 1659547903, "price": 123950.01, "tid": 14051996, "type": "sell"}
{"amount": 0.00825624, "date": 1659547912, "price": 123966.48249538, "tid": 14051997, "type": "sell"}
{"amount": 0.00060743, "date": 1659547928, "price": 123977.0337, "tid": 14051998, "type": "sell"}
{"amount": 0.00207398, "date": 1659547987, "price": 123959.46405, "tid": 14051999, "type": "sell"}
{"amount": 0.00519028, "date": 1659547988, "price": 123959.464, "tid": 14052000, "type": "sell"}
{"amount": 0.13734956, "date": 1659547989, "price": 123975.35517, "tid": 14052001, "type": "sell"}
{"amount": 0.0147, "date": 1659547989, "price": 123963.13052584, "tid": 14052002, "type": "sell"}
{"amount": 0.01378, "date": 1659547989, "price": 123963.08256322, "tid": 14052003, "type": "sell"}
{"amount": 0.04480972, "date": 1659547989, "price": 123959.464, "tid": 14052004, "type": "sell"}
{"amount": 0.01439, "date": 1659547989, "price": 123952.72321098, "tid": 14052005, "type": "sell"}
{"amount": 0.00403388, "date": 1659547989, "price": 123950, "tid": 14052006, "type": "sell"}
{"amount": 0.01501, "date": 1659547989, "price": 123866.82480927, "tid": 14052007, "type": "sell"}
{"amount": 0.01439, "date": 1659547989, "price": 123857.77253228, "tid": 14052008, "type": "sell"}
{"amount": 0.01393, "date": 1659547989, "price": 123855.69948126, "tid": 14052009, "type": "sell"}
{"amount": 0.01455, "date": 1659547989, "price": 123855.00135868, "tid": 14052010, "type": "sell"}
{"amount": 0.01300684, "date": 1659547989, "price": 123854.63364526, "tid": 14052011, "type": "sell"}
{"amount": 0.00436712, "date": 1659547998, "price": 123979.0103, "tid": 14052012, "type": "sell"}
{"amount": 0.0002258, "date": 1659548024, "price": 124001.99453464, "tid": 14052013, "type": "buy"}
{"amount": 0.05, "date": 1659548038, "price": 123798.452, "tid": 14052014, "type": "sell"}
{"amount": 0.01185, "date": 1659548038, "price": 123798.44196266, "tid": 14052015, "type": "sell"}
{"amount": 0.01135, "date": 1659548038, "price": 123792.03095912, "tid": 14052016, "type": "sell"}
{"amount": 0.00412325, "date": 1659548038, "price": 123791.45540768, "tid": 14052017, "type": "sell"}
{"amount": 0.0044, "date": 1659548060, "price": 123949.73532415, "tid": 14052018, "type": "buy"}
{"amount": 0.0168017, "date": 1659548064, "price": 123946.69032975, "tid": 14052019, "type": "buy"}
{"amount": 0.00024205, "date": 1659548072, "price": 123939.06153128, "tid": 14052020, "type": "buy"}
{"amount": 0.0207605, "date": 1659548072, "price": 123939.06153128, "tid": 14052021, "type": "buy"}
{"amount": 0.0039672, "date": 1659548081, "price": 123942.67202464, "tid": 14052022, "type": "buy"}
{"amount": 0.00080836, "date": 1659548084, "price": 123941.77483879, "tid": 14052023, "type": "buy"}
{"amount": 0.00070569, "date": 1659548101, "price": 123821.7772, "tid": 14052024, "type": "sell"}
{"amount": 0.00080681, "date": 1659548117, "price": 123944.12, "tid": 14052025, "type": "buy"}
{"amount": 0.00059881, "date": 1659548124, "price": 123944.12, "tid": 14052026, "type": "buy"}
{"amount": 7.943e-05, "date": 1659548146, "price": 123863.03315, "tid": 14052027, "type": "sell"}
{"amount": 1.412e-05, "date": 1659548176, "price": 123880.04, "tid": 14052028, "type": "buy"}
{"amount": 0.04369431, "date": 1659548184, "price": 123880.04, "tid": 14052029, "type": "buy"}
{"amount": 0.01997, "date": 1659548189, "price": 123859.10975732, "tid": 14052030, "type": "buy"}
{"amount": 0.02372431, "date": 1659548189, "price": 123863.09, "tid": 14052031, "type": "buy"}
{"amount": 0.00047995, "date": 1659548264, "price": 123802.40999999, "tid": 14052032, "type": "buy"}
{"amount": 0.00330473, "date": 1659548271, "price": 123795.25426316, "tid": 14052033, "type": "buy"}
{"amount": 0.01615611, "date": 1659548283, "price": 123792.12226892, "tid": 14052034, "type": "buy"}
{"amount": 0.00017897, "date": 1659548311, "price": 123720, "tid": 14052035, "type": "sell"}
{"amount": 0.00032658, "date": 1659548333, "price": 123720.01, "tid": 14052036, "type": "sell"}
{"amount": 6.823e-05, "date": 1659548338, "price": 123784.91215717, "tid": 14052037, "type": "buy"}
{"amount": 0.00179059, "date": 1659548354, "price": 123720.01, "tid": 14052038, "type": "sell"}
{"amount": 0.00808069, "date": 1659548364, "price": 123751.71, "tid": 14052039, "type": "buy"}
{"amount": 0.00209848, "date": 1659548382, "price": 123751.71, "tid": 14052040, "type": "buy"}
{"amount": 0.00209848, "date": 1659548387, "price": 123751.71, "tid": 14052041, "type": "buy"}
{"amount": 0.00064623, "date": 1659548408, "price": 123793.39890314, "tid": 14052042, "type": "buy"}
{"amount": 0.0002926, "date": 1659548441, "price": 123786.63325411, "tid": 14052043, "type": "buy"}
{"amount": 0.08082766, "date": 1659548445, "price": 123720.01, "tid": 14052044, "type": "buy"}
{"amount": 0.00031, "date": 1659548487, "price": 123720, "tid": 14052045, "type": "sell"}
{"amount": 9.788e-05, "date": 1659548496, "price": 123720, "tid": 14052046, "type": "sell"}
{"amount": 0.00194579, "date": 1659548528, "price": 123720, "tid": 14052047, "type": "sell"}
{"amount": 0.00090378, "date": 1659548530, "price": 123720, "tid": 14052048, "type": "sell"}
{"amount": 0.01901, "date": 1659548540, "price": 123720.00000001, "tid": 14052049, "type": "buy"}
{"amount": 0.20623, "date": 1659548540, "price": 123720.01, "tid": 14052050, "type": "buy"}
{"amount": 4.041e-05, "date": 1659548583, "price": 123720.00000001, "tid": 14052051, "type": "buy"}
{"amount": 0.0077469, "date": 1659548622, "price": 123720.00000001, "tid": 14052052, "type": "buy"}
{"amount": 0.0077469, "date": 1659548628, "price": 123720.00000001, "tid": 14052053, "type": "buy"}
{"amount": 0.00161431, "date": 1659548633, "price": 123720.01, "tid": 14052054, "type": "buy"}
{"amount": 0.00347832, "date": 1659548648, "price": 123720, "tid": 14052055, "type": "sell"}
{"amount": 0.00097579, "date": 1659548648, "price": 123587.82024952, "tid": 14052056, "type": "sell"}
{"amount": 0.00038417, "date": 1659548666, "price": 123601.3817, "tid": 14052057, "type": "sell"}
{"amount": 0.00163909, "date": 1659548682, "price": 123625.5922085, "tid": 14052058, "type": "sell"}
{"amount": 0.0005, "date": 1659548701, "price": 123648.43241888, "tid": 14052059, "type": "sell"}
{"amount": 0.00165945, "date": 1659548767, "price": 123649.02426956, "tid": 14052060, "type": "buy"}
{"amount": 0.00439055, "date": 1659548786, "price": 123531.8146, "tid": 14052061, "type": "sell"}
{"amount": 0.04560945, "date": 1659548788, "price": 123531.8146, "tid": 14052062, "type": "sell"}
{"amount": 0.0265335, "date": 1659548788, "price": 123494.95185, "tid": 14052063, "type": "sell"}
{"amount": 0.00040439, "date": 1659548798, "price": 123641.7706579, "tid": 14052064, "type": "buy"}
{"amount": 0.0003152, "date": 1659548807, "price": 123457.4016715, "tid": 14052065, "type": "sell"}
{"amount": 8.1e-05, "date": 1659548865, "price": 123515.75389, "tid": 14052066, "type": "sell"}
{"amount": 0.00861863, "date": 1659548869, "price": 123590.72844245, "tid": 14052067, "type": "buy"}
{"amount": 0.00202276, "date": 1659548919, "price": 123593.42, "tid": 14052068, "type": "buy"}
{"amount": 0.00403304, "date": 1659548947, "price": 123593.42, "tid": 14052069, "type": "buy"}
{"amount": 0.00403304, "date": 1659548951, "price": 123589.5050072, "tid": 14052070, "type": "buy"}
{"amount": 0.01482, "date": 1659548973, "price": 123516.1355051, "tid": 14052071, "type": "sell"}
{"amount": 0.0010384, "date": 1659548973, "price": 123510.04364176, "tid": 14052072, "type": "sell"}
{"amount": 0.00270666, "date": 1659548999, "price": 123587.38, "tid": 14052073, "type": "buy"}
{"amount": 0.14999999, "date": 1659549004, "price": 123587.38, "tid": 14052074, "type": "buy"}
{"amount": 0.00185879, "date": 1659549026, "price": 123533.6779, "tid": 14052075, "type": "sell"}
{"amount": 8.139e-05, "date": 1659549068, "price": 123729.52999998, "tid": 14052076, "type": "buy"}
{"amount": 8.89e-06, "date": 1659549079, "price": 123667.03, "tid": 14052077, "type": "buy"}
{"amount": 9.321e-05, "date": 1659549088, "price": 123626.67289832, "tid": 14052078, "type": "sell"}
{"amount": 0.00015663, "date": 1659549096, "price": 123667.03, "tid": 14052079, "type": "buy"}
{"amount": 0.0324321, "date": 1659549099, "price": 123667.03, "tid": 14052080, "type": "buy"}
{"amount": 0.00015663, "date": 1659549099, "price": 123690.18460053, "tid": 14052081, "type": "buy"}
{"amount": 0.00026584, "date": 1659549133, "price": 123800, "tid": 14052082, "type": "buy"}
{"amount": 0.00175311, "date": 1659549133, "price": 123830.50514613, "tid": 14052083, "type": "buy"}
{"amount": 0.00045497, "date": 1659549145, "price": 123863.08999999, "tid": 14052084, "type": "buy"}
{"amount": 0.00040367, "date": 1659549148, "price": 123863.08999999, "tid": 14052085, "type": "buy"}
{"amount": 1.98e-05, "date": 1659549165, "price": 123717.62643301, "tid": 14052086, "type": "sell"}
{"amount": 0.00293942, "date": 1659549261, "price": 123643.70505527, "tid": 14052087, "type": "sell"}
{"amount": 0.00020918, "date": 1659549274, "price": 123820.02966417, "tid": 14052088, "type": "buy"}
{"amount": 0.00340955, "date": 1659549275, "price": 123820.02966417, "tid": 14052089, "type": "buy"}
{"amount": 0.00870369, "date": 1659549275, "price": 123835.89459441, "tid": 14052090, "type": "buy"}
{"amount": 6.126e-05, "date": 1659549292, "price": 123613.4016, "tid": 14052091, "type": "sell"}
{"amount": 0.00074478, "date": 1659549337, "price": 123756.60537721, "tid": 14052092, "type": "buy"}
{"amount": 0.0069, "date": 1659549371, "price": 123741.56231999, "tid": 14052093, "type": "buy"}
{"amount": 0.00360576, "date": 1659549371, "price": 123741.56237401, "tid": 14052094, "type": "buy"}
{"amount": 0.00323292, "date": 1659549387, "price": 123727.1528066, "tid": 14052095, "type": "buy"}
{"amount": 0.00384798, "date": 1659549427, "price": 123710.87273707, "tid": 14052096, "type": "buy"}
{"amount": 0.01156037, "date": 1659549427, "price": 123737.98992146, "tid": 14052097, "type": "buy"}
{"amount": 2.796e-05, "date": 1659549432, "price": 123727.27274401, "tid": 14052098, "type": "buy"}
{"amount": 0.01540835, "date": 1659549433, "price": 123724.8311442, "tid": 14052099, "type": "buy"}
{"amount": 0.00036486, "date": 1659549471, "price": 123707.69189999, "tid": 14052100, "type": "buy"}
{"amount": 0.00048278, "date": 1659549507, "price": 123600, "tid": 14052101, "type": "sell"}
{"amount": 0.00095475, "date": 1659549536, "price": 123600.00000001, "tid": 14052102, "type": "sell"}
{"amount": 7.478e-05, "date": 1659549581, "price": 123694.47850999, "tid": 14052103, "type": "buy"}
{"amount": 9.01e-05, "date": 1659549587, "price": 123694.47850999, "tid": 14052104, "type": "buy"}
{"amount": 0.00471722, "date": 1659549621, "price": 123600, "tid": 14052105, "type": "sell"}
{"amount": 0.0061, "date": 1659549621, "price": 123593.99675632, "tid": 14052106, "type": "sell"}
{"amount": 0.002322, "date": 1659549621, "price": 123518.65124916, "tid": 14052107, "type": "sell"}
{"amount": 0.02842817, "date": 1659549637, "price": 123510.9865, "tid": 14052108, "type": "sell"}
{"amount": 0.00067549, "date": 1659549676, "price": 123570, "tid": 14052109, "type": "sell"}
{"amount": 0.00019103, "date": 1659549690, "price": 123603.99999999, "tid": 14052110, "type": "buy"}
{"amount": 0.00077659, "date": 1659549708, "price": 123603.99976, "tid": 14052111, "type": "buy"}
{"amount": 0.0024276, "date": 1659549742, "price": 123578.52524999, "tid": 14052112, "type": "buy"}
{"amount": 1.108e-05, "date": 1659549765, "price": 123586.14328284, "tid": 14052113, "type": "buy"}
{"amount": 0.00172958, "date": 1659549772, "price": 123570, "tid": 14052114, "type": "sell"}
{"amount": 0.00012695, "date": 1659549772, "price": 123583.27761, "tid": 14052115, "type": "buy"}
{"amount": 0.00113265, "date": 1659549799, "price": 123604, "tid": 14052116, "type": "buy"}
{"amount": 0.00092118, "date": 1659549830, "price": 123570, "tid": 14052117, "type": "sell"}
{"amount": 3.736e-05, "date": 1659549839, "price": 123570, "tid": 14052118, "type": "sell"}
{"amount": 0.00010338, "date": 1659549847, "price": 123586, "tid": 14052119, "type": "buy"}
{"amount": 0.02481836, "date": 1659549873, "price": 123570, "tid": 14052120, "type": "sell"}
{"amount": 0.00019409, "date": 1659549875, "price": 123570, "tid": 14052121, "type": "sell"}
{"amount": 0.00217393, "date": 1659549876, "price": 123570, "tid": 14052122, "type": "sell"}
{"amount": 8.496e-05, "date": 1659549908, "price": 123575.99994, "tid": 14052123, "type": "buy"}
{"amount": 0.02023046, "date": 1659549923, "price": 123575.99994, "tid": 14052124, "type": "buy"}
{"amount": 0.00045441, "date": 1659549936, "price": 123575.99988, "tid": 14052125, "type": "buy"}
{"amount": 8.972e-05, "date": 1659549942, "price": 123572, "tid": 14052126, "type": "sell"}
{"amount": 0.00345379, "date": 1659549964, "price": 123575, "tid": 14052127, "type": "sell"}
{"amount": 2.346e-05, "date": 1659549982, "price": 123576, "tid": 14052128, "type": "buy"}
{"amount": 0.00653621, "date": 1659550031, "price": 123575, "tid": 14052129, "type": "sell"}
{"amount": 0.02641816, "date": 1659550031, "price": 123574, "tid": 14052130, "type": "sell"}
{"amount": 0.00040449, "date": 1659550047, "price": 123610.5714968, "tid": 14052131, "type": "buy"}
{"amount": 0.00040472, "date": 1659550091, "price": 123541.00000001, "tid": 14052132, "type": "buy"}
{"amount": 1.951e-05, "date": 1659550124, "price": 123541, "tid": 14052133, "type": "sell"}
{"amount": 0.0164, "date": 1659550133, "price": 123551.49312113, "tid": 14052134, "type": "buy"}
{"amount": 0.604, "date": 1659550133, "price": 123551.49313, "tid": 14052135, "type": "buy"}
{"amount": 0.01658, "date": 1659550133, "price": 123551.54748984, "tid": 14052136, "type": "buy"}
{"amount": 0.01713, "date": 1659550133, "price": 123552.61323551, "tid": 14052137, "type": "buy"}
{"amount": 0.01731, "date": 1659550133, "price": 123554.63599035, "tid": 14052138, "type": "buy"}
{"amount": 0.01731, "date": 1659550133, "price": 123556.89797763, "tid": 14052139, "type": "buy"}
{"amount": 0.0164, "date": 1659550133, "price": 123589.49561984, "tid": 14052140, "type": "buy"}
{"amount": 0.01786, "date": 1659550133, "price": 123590.8766823, "tid": 14052141, "type": "buy"}
{"amount": 0.01786, "date": 1659550133, "price": 123591.01805704, "tid": 14052142, "type": "buy"}
{"amount": 0.14939989, "date": 1659550133, "price": 123592.29043, "tid": 14052143, "type": "buy"}
{"amount": 0.00161889, "date": 1659550145, "price": 123541.00000001, "tid": 14052144, "type": "buy"}
{"amount": 0.00027692, "date": 1659550162, "price": 123541.96663864, "tid": 14052145, "type": "sell"}
{"amount": 0.00080944, "date": 1659550162, "price": 123541.96664, "tid": 14052146, "type": "buy"}
{"amount": 1.934e-05, "date": 1659550174, "price": 123545, "tid": 14052147, "type": "buy"}
{"amount": 0.00046169, "date": 1659550180, "price": 123545, "tid": 14052148, "type": "buy"}
{"amount": 0.00014522, "date": 1659550193, "price": 123583, "tid": 14052149, "type": "buy"}
{"amount": 5.834e-05, "date": 1659550223, "price": 123553.55743393, "tid": 14052150, "type": "sell"}
{"amount": 0.00040294, "date": 1659550235, "price": 123555.33738006, "tid": 14052151, "type": "sell"}
{"amount": 0.00039996, "date": 1659550270, "price": 123604, "tid": 14052152, "type": "buy"}
{"amount": 0.00056614, "date": 1659550329, "price": 123643, "tid": 14052153, "type": "buy"}
{"amount": 0.00031219, "date": 1659550406, "price": 123615, "tid": 14052154, "type": "sell"}
{"amount": 0.00023529, "date": 1659550427, "price": 123666.99987999, "tid": 14052155, "type": "buy"}
{"amount": 0.00016875, "date": 1659550483, "price": 123667, "tid": 14052156, "type": "buy"}
{"amount": 0.00021849, "date": 1659550586, "price": 123667, "tid": 14052157, "type": "buy"}
{"amount": 0.00599816, "date": 1659550599, "price": 123667, "tid": 14052158, "type": "sell"}
{"amount": 0.00015667, "date": 1659550633, "price": 123696, "tid": 14052159, "type": "buy"}
{"amount": 0.00016163, "date": 1659550658, "price": 123733, "tid": 14052160, "type": "buy"}
{"amount": 0.00032112, "date": 1659550663, "price": 123733, "tid": 14052161, "type": "buy"}
{"amount": 1.615e-05, "date": 1659550760, "price": 123794, "tid": 14052162, "type": "buy"}
{"amount": 0.00015987, "date": 1659550800, "price": 123840, "tid": 14052163, "type": "buy"}
{"amount": 0.001, "date": 1659550854, "price": 123863.09, "tid": 14052164, "type": "buy"}
{"amount": 0.014, "date": 1659550860, "price": 123863.09, "tid": 14052165, "type": "buy"}
{"amount": 0.13598283, "date": 1659550860, "price": 123886, "tid": 14052166, "type": "buy"}
{"amount": 0.00114372, "date": 1659550893, "price": 123920, "tid": 14052167, "type": "sell"}
{"amount": 0.00015172, "date": 1659550980, "price": 123959.99975999, "tid": 14052168, "type": "buy"}
{"amount": 8.252e-05, "date": 1659550982, "price": 123940, "tid": 14052169, "type": "sell"}
{"amount": 8.064e-05, "date": 1659551103, "price": 124000, "tid": 14052170, "type": "buy"}
{"amount": 0.00322, "date": 1659551121, "price": 123990, "tid": 14052171, "type": "sell"}
{"amount": 0.01749, "date": 1659551121, "price": 123961.7195235, "tid": 14052172, "type": "sell"}
{"amount": 0.00429, "date": 1659551121, "price": 123960.14208622, "tid": 14052173, "type": "sell"}
{"amount": 0.00010325, "date": 1659551125, "price": 124000, "tid": 14052174, "type": "buy"}
{"amount": 0.01511, "date": 1659551137, "price": 123959.73706854, "tid": 14052175, "type": "sell"}
{"amount": 0.00832957, "date": 1659551189, "price": 124000, "tid": 14052176, "type": "buy"}
{"amount": 0.00032052, "date": 1659551196, "price": 123854.42310608, "tid": 14052177, "type": "sell"}
{"amount": 0.0099, "date": 1659551197, "price": 123993.96970359, "tid": 14052178, "type": "buy"}
{"amount": 0.00157459, "date": 1659551201, "price": 123989.79909517, "tid": 14052179, "type": "buy"}
{"amount": 0.06111057, "date": 1659572834, "price": 121809, "tid": 14053428, "type": "buy"}
{"amount": 8.2e-06, "date": 1659572891, "price": 121837.34, "tid": 14053429, "type": "buy"}
{"amount": 0.00355481, "date": 1659572903, "price": 121859.23999999, "tid": 14053430, "type": "buy"}
{"amount": 0.00465137, "date": 1659572903, "price": 121859.24, "tid": 14053431, "type": "buy"}
{"amount": 0.00101125, "date": 1659572919, "price": 121825.23729, "tid": 14053432, "type": "sell"}
{"amount": 0.00103484, "date": 1659572941, "price": 121849.01756969, "tid": 14053433, "type": "sell"}
{"amount": 0.0098, "date": 1659572944, "price": 121891.99999999, "tid": 14053434, "type": "buy"}
{"amount": 0.02047097, "date": 1659572944, "price": 121892, "tid": 14053435, "type": "buy"}
{"amount": 0.02458512, "date": 1659572987, "price": 122025, "tid": 14053436, "type": "buy"}
{"amount": 8.193e-05, "date": 1659573064, "price": 122041.84179294, "tid": 14053437, "type": "buy"}
{"amount": 0.00342017, "date": 1659573096, "price": 121940.58545863, "tid": 14053438, "type": "sell"}
{"amount": 0.00042892, "date": 1659573135, "price": 122094.76733999, "tid": 14053439, "type": "buy"}
{"amount": 0.00081903, "date": 1659573144, "price": 122094.76733999, "tid": 14053440, "type": "buy"}
{"amount": 0.00175954, "date": 1659573160, "price": 122094.76733999, "tid": 14053441, "type": "buy"}
{"amount": 0.00643059, "date": 1659573160, "price": 122099, "tid": 14053442, "type": "buy"}
{"amount": 0.00016394, "date": 1659573244, "price": 121870, "tid": 14053443, "type": "sell"}
{"amount": 0.00020998, "date": 1659573244, "price": 121859.55418128, "tid": 14053444, "type": "sell"}
{"amount": 8.19e-06, "date": 1659573276, "price": 121967.8773483, "tid": 14053445, "type": "buy"}
{"amount": 0.08196586, "date": 1659573315, "price": 121843.27988, "tid": 14053446, "type": "buy"}
{"amount": 0.0002235, "date": 1659573355, "price": 121829.59, "tid": 14053447, "type": "buy"}
{"amount": 8.209e-05, "date": 1659573402, "price": 121767.78, "tid": 14053448, "type": "buy"}
{"amount": 8.21e-06, "date": 1659573406, "price": 121767.77999, "tid": 14053449, "type": "buy"}
{"amount": 1.223e-05, "date": 1659573444, "price": 121767.77999999, "tid": 14053450, "type": "sell"}
{"amount": 0.00032849, "date": 1659573446, "price": 121767.78, "tid": 14053451, "type": "buy"}
{"amount": 0.00164247, "date": 1659573460, "price": 121767.78, "tid": 14053452, "type": "buy"}
{"amount": 0.00041061, "date": 1659573473, "price": 121767.78, "tid": 14053453, "type": "buy"}
